
@book{fomo_ogorek,
  address = {Z{\"u}rich Basel Genf},
  edition = {5., neu bearb. Aufl},
  title = {Juristisches {{Arbeiten}}: eine {{Anleitung}} f{\"u}r {{Studierende}}},
  isbn = {978-3-7255-7057-7},
  shorttitle = {Juristisches {{Arbeiten}}},
  language = {ger},
  timestamp = {2016-06-19T10:48:55Z},
  publisher = {{Schulthess}},
  author = {Forstmoser, Peter and Ogorek, Regina and Schindler, Benjamin},
  year = {2014},
  keywords = {Juristisches Studium,Schweiz,Wissenschaftliches Arbeiten},
  file = {Table of Contents PDF:/home/jacques/.zotero/zotero/q81029te.default/zotero/storage/XDA5PATA/Forstmoser et al. - 2014 - Juristisches Arbeiten eine Anleitung f√ºr Studiere.pdf:application/pdf}
}

@incollection{bk_allg_einleitung,
  address = {Bern},
  title = {Allgemeine {{Einleitung}}},
  isbn = {978-3-7272-3367-8 978-3-7272-3440-8 978-3-7272-3441-5 978-3-7272-3442-2 978-3-7272-3444-6 978-3-7272-3365-4},
  lccn = {KKW494 1909},
  timestamp = {2016-06-19T09:43:24Z},
  publisher = {{St{\"a}mpfli}},
  author = {Caroni, Pio and Sch{\"o}bi, Felix},
  editor = {Gm{\"u}r, Max and Becker, Hermann and Meier-Hayoz, Arthur and Hausheer, Heinz},
  year = {2012},
  keywords = {Civil law,Obligations (Law),Switzerland}
}

@incollection{bk_zgb1,
  address = {Bern},
  title = {Anwendung des {{Rechts}} - {{Art}}. 1 - {{Anwendung}} des {{Rechts}}},
  isbn = {978-3-7272-3367-8 978-3-7272-3440-8 978-3-7272-3441-5 978-3-7272-3442-2 978-3-7272-3444-6 978-3-7272-3365-4},
  lccn = {KKW494 1909},
  timestamp = {2016-06-19T09:44:06Z},
  booktitle = {Berner {{Kommentar}}: {{Kommentar}} zum schweizerischen {{Zivilrecht}}},
  publisher = {{St{\"a}mpfli}},
  author = {Emmenegger, Susan and Tschentscher, Axel},
  editor = {Gm{\"u}r, Max and Becker, Hermann and Meier-Hayoz, Arthur and Hausheer, Heinz},
  year = {2012},
  keywords = {Civil law,Obligations (Law),Switzerland}
}

@incollection{bk_zgb2,
  address = {Bern},
  title = {Inhalt der {{Rechtsverh{\"a}ltnisse}} - {{Art}}. 2 - {{Handeln}} nach {{Treu}} und {{Glauben}}},
  isbn = {978-3-7272-3367-8 978-3-7272-3440-8 978-3-7272-3441-5 978-3-7272-3442-2 978-3-7272-3444-6 978-3-7272-3365-4},
  lccn = {KKW494 1909},
  timestamp = {2016-06-19T09:44:30Z},
  booktitle = {Berner {{Kommentar}}: {{Kommentar}} zum schweizerischen {{Zivilrecht}}},
  publisher = {{St{\"a}mpfli}},
  author = {Hausheer, Heinz and Aebi-M{\"u}ller, Regina E.},
  editor = {Gm{\"u}r, Max and Becker, Hermann and Meier-Hayoz, Arthur and Hausheer, Heinz},
  year = {2012},
  keywords = {Civil law,Obligations (Law),Switzerland}
}

@incollection{bk_zgb3,
  address = {Bern},
  title = {Inhalt der {{Rechtsverh{\"a}ltnisse}} - {{Art}}. 3 - {{Guter Glaube}}},
  isbn = {978-3-7272-3367-8 978-3-7272-3440-8 978-3-7272-3441-5 978-3-7272-3442-2 978-3-7272-3444-6 978-3-7272-3365-4},
  lccn = {KKW494 1909},
  timestamp = {2016-06-19T09:45:06Z},
  booktitle = {Berner {{Kommentar}}: {{Kommentar}} zum schweizerischen {{Zivilrecht}}},
  publisher = {{St{\"a}mpfli}},
  author = {Hofer, Sibylle},
  editor = {Gm{\"u}r, Max and Becker, Hermann and Meier-Hayoz, Arthur and Hausheer, Heinz},
  year = {2012},
  keywords = {Civil law,Obligations (Law),Switzerland}
}

@book{forstmoser_vogt,
  address = {Bern},
  edition = {5., vollst. {\"u}berarb. und stark erw. Aufl},
  series = {St{\"a}mpflis juristische Lehrb{\"u}cher},
  title = {Einf{\"u}hrung in das {{Recht}}},
  isbn = {978-3-7272-8675-9},
  timestamp = {2016-06-19T10:28:09Z},
  publisher = {{St{\"a}mpfli}},
  author = {Forstmoser, Peter and Vogt, Hans-Ueli},
  year = {2012},
  note = {OCLC: 810253218},
  keywords = {Lehrbuch,Recht,Schweiz}
}

@book{tuor_schnyder,
  address = {Z{\"u}rich},
  edition = {11. Aufl},
  title = {Das schweizerische {{Zivilgesetzbuch}}},
  isbn = {978-3-7255-3213-1},
  lccn = {KKW494.31907.A6 S36 1995},
  timestamp = {2016-06-19T10:32:26Z},
  publisher = {{Schulthess Polygraphischer Verlag}},
  author = {Schnyder, Bernhard and Schmid, J{\"o}rg and Tuor, Peter},
  year = {1995},
  keywords = {Civil law,Switzerland}
}

@book{riemer_einleitungsartikel,
  address = {Bern},
  edition = {2., Aufl},
  series = {St{\"a}mpflis juristische Lehrb{\"u}cher},
  title = {Die {{Einleitungsartikel}} des schweizerischen {{Zivilgesetzbuches}}: ({{Art}}. 1-10 {{ZGB}}): eine {{Einf{\"u}hrung}}},
  isbn = {978-3-7272-0944-4},
  lccn = {KKW501 .R54 2003},
  shorttitle = {Die {{Einleitungsartikel}} des schweizerischen {{Zivilgesetzbuches}}},
  timestamp = {2016-06-19T10:48:23Z},
  publisher = {{St{\"a}mpfli}},
  author = {Riemer, Hans Michael},
  year = {2003},
  keywords = {Civil law,Effectiveness and validity of law,Federal government,Good faith (Law),Switzerland}
}

@book{bk_einleitunsartikel,
  address = {Bern},
  title = {Berner {{Kommentar}}: {{Kommentar}} zum schweizerischen {{Zivilrecht}}},
  isbn = {978-3-7272-3367-8 978-3-7272-3440-8 978-3-7272-3441-5 978-3-7272-3442-2 978-3-7272-3444-6 978-3-7272-3365-4},
  lccn = {KKW494 1909},
  shorttitle = {Berner {{Kommentar}}},
  timestamp = {2016-06-19T09:37:06Z},
  publisher = {{St{\"a}mpfli}},
  editor = {Gm{\"u}r, Max and Becker, Hermann and Meier-Hayoz, Arthur and Hausheer, Heinz},
  year = {1959},
  keywords = {Civil law,Obligations (Law),Switzerland}
}


