
@book{riemer_einleitungsartikel,
  address = {Bern},
  edition = {2., Aufl},
  series = {St{\"a}mpflis juristische Lehrb{\"u}cher},
  title = {Die {{Einleitungsartikel}} des schweizerischen {{Zivilgesetzbuches}}: ({{Art}}. 1-10 {{ZGB}}): eine {{Einf{\"u}hrung}}},
  isbn = {978-3-7272-0944-4},
  lccn = {KKW501 .R54 2003},
  shorttitle = {Die {{Einleitungsartikel}} des schweizerischen {{Zivilgesetzbuches}}},
  timestamp = {2016-06-19T08:07:56Z},
  publisher = {{St{\"a}mpfli}},
  author = {Riemer, Hans Michael},
  year = {2003},
  note = {OCLC: ocm54880382},
  keywords = {Civil law,Effectiveness and validity of law,Federal government,Good faith (Law),Switzerland}
}

@book{bk_zgb1,
  address = {Bern},
  title = {Berner {{Kommentar}}: {{Kommentar}} zum schweizerischen {{Zivilrecht}}},
  isbn = {978-3-7272-3367-8 978-3-7272-3440-8 978-3-7272-3441-5 978-3-7272-3442-2 978-3-7272-3444-6 978-3-7272-3365-4},
  lccn = {KKW494 1909},
  shorttitle = {Berner {{Kommentar}}},
  timestamp = {2016-06-19T08:04:00Z},
  publisher = {{St{\"a}mpfli}},
  editor = {Gm{\"u}r, M. and Becker, H. and Meier-Hayoz, Arthur and {Switzerland}},
  year = {1959},
  keywords = {Civil law,Obligations (Law),Switzerland}
}


