
@book{gmur_berner_1959,
	address = {Bern},
	title = {Berner {Kommentar}: {Kommentar} zum schweizerischen {Zivilrecht}},
	isbn = {978-3-7272-3367-8 978-3-7272-3440-8 978-3-7272-3441-5 978-3-7272-3442-2 978-3-7272-3444-6 978-3-7272-3365-4},
	shorttitle = {Berner {Kommentar}},
	language = {gerfreita},
	publisher = {Stämpfli},
	editor = {Gmür, M. and Becker, H. and Meier-Hayoz, Arthur and {Switzerland}},
	year = {1959},
	keywords = {Civil law, Obligations (Law), Switzerland}
}

@book{riemer_einleitungsartikel_2003,
	address = {Bern},
	edition = {2., Aufl},
	series = {Stämpflis juristische {Lehrbücher}},
	title = {Die {Einleitungsartikel} des schweizerischen {Zivilgesetzbuches}: ({Art}. 1-10 {ZGB}): eine {Einführung}},
	isbn = {978-3-7272-0944-4},
	shorttitle = {Die {Einleitungsartikel} des schweizerischen {Zivilgesetzbuches}},
	publisher = {Stämpfli},
	author = {Riemer, Hans Michael},
	year = {2003},
	note = {OCLC: ocm54880382},
	keywords = {Civil law, Effectiveness and validity of law, Federal government, Good faith (Law), Switzerland}
}

@article{bohringer_beginen:_2014,
	address = {Hamburg},
	chapter = {Wissen},
	title = {Beginen: {Falsche} {Nonnen}},
	issn = {0044-2070},
	shorttitle = {Beginen},
	url = {http://www.zeit.de/zeit-geschichte/2014/03/beginen-kirche-christliches-leben},
	abstract = {Beginen wie Marguerite Porete lebten fromm und ehelos außerhalb der großen Orden. Was hatte die Kirche gegen sie?},
	urldate = {2016-05-29TZ},
	journal = {Die Zeit},
	author = {Böhringer, Letha},
	month = oct,
	year = {2014},
	keywords = {Basel, Beginen, Dominikaner, Erfurt, Frankreich, Franziskaner, Kirche, Köln, Paris, Seele, Wissen}
}

@book{kinder_dtv-atlas_2007,
	address = {München},
	edition = {Orig.-Ausg., 39. Aufl},
	series = {Dtv},
	title = {Dtv-{Atlas} {Weltgeschichte}. {Bd}. 1: {Von} den {Anfängen} bis zur {Französischen} {Revolution}},
	isbn = {978-3-423-03001-4},
	shorttitle = {Dtv-{Atlas} {Weltgeschichte}. {Bd}. 1},
	language = {ger},
	number = {3001},
	publisher = {Dt. Taschenbuch-Verl},
	author = {Kinder, Hermann and Hilgemann, Werner and Bukor, Harald and Bukor, Ruth},
	year = {2007},
	note = {OCLC: 254610323}
}

@book{schib_weltgeschichte_1987,
	address = {Erlenbach-Zürich},
	title = {Weltgeschichte vom {Mittelalter} bis zum {Beginn} des 18. {Jahrhunderts}},
	isbn = {978-3-7249-0562-2},
	publisher = {Rentsch},
	editor = {Schib, Karl and Hubschmid, Hans},
	year = {1987},
	note = {OCLC: 836785110},
	keywords = {Geschichtsunterricht, Schulbuch, Schweiz, Sekundarstufe 1}
}

@article{plickert_wissensdefizite:_2016,
	title = {Wissensdefizite: {Ein} {Volk} von Ökonomie-{Analphabeten}},
	issn = {0174-4909},
	shorttitle = {Wissensdefizite},
	url = {http://www.faz.net/aktuell/wirtschaft/die-deutschen-haben-eine-wissensluecke-bei-der-wirtschaft-14210013.html?GETS=pt;7;pcp;newsletter;pcc;newsletter.redaktionell.Wirtschaft&utm_source=FAZnewsletter&utm_medium=email&utm_campaign=Newsletter_FAZ_Wirtschaft},
	abstract = {Forscher schlagen Alarm: Die Mehrheit der Bevölkerung hat große Wissensdefizite über Ökonomie und Finanzen. Mehr Bildung wäre nötig. Doch die Schulpolitik bewegt sich quälend langsam.},
	language = {Deutsch},
	urldate = {2016-05-09TZ},
	journal = {Frankfurter Allgemeine Zeitung},
	author = {Plickert, Philip},
	month = may,
	year = {2016}
}

@misc{hummler_herausforderung_????,
	title = {Herausforderung für {Banken} und den {Staat}: {Blockchain} – der nächste {Wohlstandsschock}},
	shorttitle = {Herausforderung für {Banken} und den {Staat}},
	url = {http://www.nzz.ch/finanzen/private-finanzen/herausforderung-fuer-banken-und-den-staat-blockchain-der-naechste-wohlstandsschock-ld.17609},
	abstract = {Blockchain ist mehr als eine digitale Technologie.},
	urldate = {2016-05-03TZ},
	journal = {Neue Zürcher Zeitung},
	author = {Hummler, Konrad}
}

@misc{_qe_????,
	title = {{QE}, {Ben} {Bernanke} and {Santa} {Claus}: {Helicopter} {Ben} gets in a spin {\textbar} {The} {Economist}},
	url = {http://www.economist.com/blogs/buttonwood/2010/12/qe_ben_bernanke_and_santa_claus},
	urldate = {2016-04-13TZ}
}

@misc{_monetary_????,
	title = {Monetary policy and economics: {QE} and the banks revisited {\textbar} {The} {Economist}},
	url = {http://www.economist.com/blogs/buttonwood/2015/10/monetary-policy-and-economics},
	urldate = {2016-04-13TZ}
}

@misc{_economics_????,
	title = {Economics and monetary policy: {The} fallibility of central banks {\textbar} {The} {Economist}},
	url = {http://www.economist.com/blogs/buttonwood/2016/02/economics-and-monetary-policy},
	urldate = {2016-04-13TZ}
}

@misc{_unfamiliar_????,
	title = {Unfamiliar ways forward {\textbar} {The} {Economist}},
	url = {http://www.economist.com/news/briefing/21693205-policymakers-rich-economies-need-consider-some-radical-approaches-tackling-next},
	urldate = {2016-04-13TZ}
}

@misc{_reviving_????,
	title = {Reviving the economy: {Send} in the helicopters? {\textbar} {The} {Economist}},
	url = {http://www.economist.com/blogs/buttonwood/2014/11/reviving-economy},
	urldate = {2016-04-13TZ}
}

@article{_what_2016,
	title = {What if the helicopters took off?},
	issn = {0013-0613},
	shorttitle = {What if the helicopters took off?},
	url = {http://www.economist.com/blogs/buttonwood/2016/03/monetary-policy-and-markets},
	abstract = {The authorities may have to turn to fiscal policy, financed by the central bank, in the next crisis. Strategists are starting to think about what might happen},
	urldate = {2016-04-13TZ},
	journal = {The Economist},
	month = mar,
	year = {2016}
}

@article{sinn_gastbeitrag:_2016,
	title = {Gastbeitrag: {Gefährliches} {Helikopter}-{Geld}},
	issn = {0174-4909},
	shorttitle = {Gastbeitrag},
	url = {http://www.faz.net/aktuell/wirtschaft/wirtschaftspolitik/hans-werner-sinn-haelt-ezb-helikoptergeld-fuer-keine-option-14150165.html},
	abstract = {Was der Nullzins nicht schafft, wird auch durch Geldgeschenke der EZB nicht gelöst. Helikoptergeld ist keine Option, findet Hans-Werner Sinn. Ein Gastbeitrag.},
	language = {Deutsch},
	urldate = {2016-04-13TZ},
	journal = {Frankfurter Allgemeine Zeitung},
	author = {Sinn, Hans-Werner},
	month = mar,
	year = {2016}
}

@misc{syz_gastkommentar_????,
	title = {Gastkommentar zu {Helikoptergeld}: {Bares} für {Bürger}},
	shorttitle = {Gastkommentar zu {Helikoptergeld}},
	url = {http://www.nzz.ch/meinung/debatte/bares-fuer-buerger-1.18484005},
	abstract = {Die Nationalbank sollte ihr Geld direkt an die Bürger verteilen. So liesse sich der Konsum gezielt beeinflussen.},
	urldate = {2016-04-13TZ},
	journal = {Neue Zürcher Zeitung},
	author = {Syz, Banque, Michael Malquarti}
}

@misc{_ex-ezb-chefvolkswirt_????,
	title = {Ex-{EZB}-{Chefvolkswirt} {Issing}: «{Helikoptergeld}» wäre {Bankrotterklärung}},
	shorttitle = {Ex-{EZB}-{Chefvolkswirt} {Issing}},
	url = {http://www.nzz.ch/wirtschaft/ex-ezb-chefvolkswirt-issing-helikoptergeld-waere-bankrotterklaerung-1.18717487},
	abstract = {NZZ Nachrichten, Hintergründe, Meinungen aus der Schweiz, International, Sport, Digital, Wirtschaft, Auto \& mehr. Fundierte Berichterstattung rund um die Uhr.},
	urldate = {2016-04-13TZ},
	journal = {Neue Zürcher Zeitung}
}

@misc{suisse_gastkommentar_????,
	title = {Gastkommentar zu {Helikoptergeld}: {Ein} {Rezept} wie vom {Lügenbaron} {Münchhausen}},
	shorttitle = {Gastkommentar zu {Helikoptergeld}},
	url = {http://www.nzz.ch/meinung/debatte/ein-rezept-wie-vom-luegenbaron-muenchhausen-1.18484003},
	abstract = {Zentralbankgeld ohne Gegenleistung an Bürger zu verteilen, ist unliberal und gefährlich.},
	urldate = {2016-04-13TZ},
	journal = {Neue Zürcher Zeitung},
	author = {Suisse, Avenir, Rudolf Walser}
}

@misc{_debatte_????,
	title = {Debatte zu {Helikoptergeld}: {Brachiale} {Methoden} der {Geldpolitik}},
	shorttitle = {Debatte zu {Helikoptergeld}},
	url = {http://www.nzz.ch/meinung/debatte/brachiale-methoden-der-geldpolitik-1.18484001},
	abstract = {Was, wenn die Zentralbank frisch gedrucktes Geld per Helikopter über uns Bürgern abwerfen würde?},
	urldate = {2016-04-13TZ},
	journal = {Neue Zürcher Zeitung}
}

@misc{berlin_oecd-studie_????,
	title = {{OECD}-{Studie} sorgt für {Wirbel}: {Ist} {Umverteilung} gratis?},
	shorttitle = {{OECD}-{Studie} sorgt für {Wirbel}},
	url = {http://www.nzz.ch/wirtschaft/wirtschaftspolitik/oecd-studie-sorgt-fuer-wirbel-ist-umverteilung-gratis-ld.12326},
	abstract = {Ungleichheit sei das zentrale Problem der Industrieländer.},
	urldate = {2016-04-08TZ},
	journal = {Neue Zürcher Zeitung},
	author = {Berlin, Christoph Eisenring}
}

@article{hank_geldschwemme_2016,
	title = {Geldschwemme und {Niedrigzins}: {Wer} kann {Mario} {Draghi} stoppen?},
	issn = {0174-4909},
	shorttitle = {Geldschwemme und {Niedrigzins}},
	url = {http://www.faz.net/aktuell/wirtschaft/wirtschaftspolitik/wer-kann-ezb-chef-mario-draghi-seine-geldpolitik-stoppen-14157675.html?printPagedArticle=true#pageIndex_2},
	abstract = {Ausgerechnet die Deutschen kritisieren heute die Unabhängigkeit der Europäischen Zentralbank. Dabei haben doch gerade wir immer größten Wert auf diese Unabhängigkeit gelegt. Was ist passiert?},
	language = {Deutsch},
	urldate = {2016-04-07TZ},
	journal = {Frankfurter Allgemeine Zeitung},
	author = {Hank, Rainer},
	month = apr,
	year = {2016}
}

@misc{ellner_nachteilsausgleiche_????,
	title = {Nachteilsausgleiche an {Zürcher} {Kantonsschulen}: {Benachteiligt} oder zu wenig intelligent?},
	shorttitle = {Nachteilsausgleiche an {Zürcher} {Kantonsschulen}},
	url = {http://www.nzz.ch/zuerich/aktuell/nachteilsausgleiche-an-zuercher-kantonsschulen-benachteiligt-oder-zu-wenig-intelligent-ld.12063},
	abstract = {Legasthenie, Störungen im Autismusspektrum oder in der Aufmerksamkeit: Die Zahl von beeinträchtigten Schülern an Gymnasien steigt.},
	urldate = {2016-04-07TZ},
	journal = {Neue Zürcher Zeitung},
	author = {Ellner, Susanna}
}

@misc{fuster_helikoptergeld:_????,
	title = {Helikoptergeld: {Flugwetter} für {Geldpolitiker}},
	shorttitle = {Helikoptergeld},
	url = {http://www.nzz.ch/wirtschaft/wirtschaftspolitik/helikoptergeld-flugwetter-fuer-geldpolitiker-ld.10924},
	abstract = {Geld aus Helikoptern zu werfen, ist eine schlechte Idee. Dennoch findet das Konzept wachsende Unterstützung.},
	urldate = {2016-04-01TZ},
	journal = {Neue Zürcher Zeitung},
	author = {Fuster, Thomas}
}

@misc{turcke_kleine_????,
	title = {Eine kleine {Geschichte} des {Geldes}: {Schrecken}, {Schuld} und {Schlachtopfer}},
	shorttitle = {Eine kleine {Geschichte} des {Geldes}},
	url = {http://www.nzz.ch/feuilleton/schrecken-schuld-und-schlachtopfer-1.18501543},
	abstract = {Woher kommt das Geld? Ein Blick in die Kulturgeschichte kann sich vom Wort «Geld» leiten lassen.},
	urldate = {2016-03-30TZ},
	journal = {Neue Zürcher Zeitung},
	author = {Türcke, Christoph}
}

@article{_origin_2012,
	title = {On the origin of specie},
	issn = {0013-0613},
	url = {http://www.economist.com/node/21560554},
	abstract = {Theories on where money comes from say something about where the dollar and euro will go},
	urldate = {2016-03-30TZ},
	journal = {The Economist},
	month = aug,
	year = {2012}
}

@article{_abe_2016,
	title = {Abe agonistes},
	issn = {0013-0613},
	url = {http://www.economist.com/news/asia/21694572-will-prime-minister-once-again-postpone-tax-hike-and-call-election-abe-agonistes},
	abstract = {Will the prime minister once again postpone a tax hike and call an election?},
	urldate = {2016-03-15TZ},
	journal = {The Economist},
	month = mar,
	year = {2016}
}

@article{plickert_steuerpolitik:_2009,
	title = {Steuerpolitik: {Wann} {Steuersenkungen} sich selbst finanzieren},
	issn = {0174-4909},
	shorttitle = {Steuerpolitik},
	url = {http://www.faz.net/aktuell/wirtschaft/wirtschaftswissen/steuerpolitik-wann-steuersenkungen-sich-selbst-finanzieren-1870406.html},
	abstract = {Die neue schwarz-gelbe Regierung startet mit Milliardenentlastungen in ihre Amtszeit. Gleichzeitig macht sie mit dem Schuldenmachen weiter. Wie ist das zu bewerten? Wichtig ist dabei vor allem die Frage: Finanzieren sich Steuersenkungen zum Teil selbst? Und wie soll das funktionieren?},
	language = {Deutsch},
	urldate = {2016-03-15TZ},
	journal = {Frankfurter Allgemeine Zeitung},
	author = {Plickert, Philip},
	month = oct,
	year = {2009}
}

@article{schwarz_milton_2014,
	title = {Milton {Friedman}: {Konsequent} liberal},
	issn = {0174-4909},
	shorttitle = {Milton {Friedman}},
	url = {http://www.faz.net/aktuell/wirtschaft/wirtschaftswissen/die-weltverbesserer/milton-friedman-war-liberal-auch-bei-drogen-und-prostitution-13089920.html?printPagedArticle=true#pageIndex_2},
	abstract = {Milton Friedman trat mit sprühendem Witz für mehr Freiheit ein - sogar bei Drogen, Prostitution und Militärdienst.},
	language = {Deutsch},
	urldate = {2016-03-12TZ},
	journal = {Frankfurter Allgemeine Zeitung},
	author = {Schwarz, Gerhard},
	month = aug,
	year = {2014}
}

@article{plickert_geldpolitik:_2016,
	title = {Geldpolitik: {Wenn} es {Geld} vom {Himmel} regnet},
	issn = {0174-4909},
	shorttitle = {Geldpolitik},
	url = {http://www.faz.net/aktuell/wirtschaft/wirtschaftspolitik/geldpolitik-mit-helikopter-geld-wenn-es-geld-vom-himmel-regnet-14101989.html},
	abstract = {Mario Draghi hat die Politik des billigen Geldes noch einmal ausgeweitet. Ökonomen fürchten, dass das Pulver nun verschossen ist. Ein Mittel gäbe es aber vielleicht noch - Helikoptergeld. Bleibt das ein akademisches Gedankenexperiment?},
	language = {Deutsch},
	urldate = {2016-03-12TZ},
	journal = {Frankfurter Allgemeine Zeitung},
	author = {Plickert, Philip},
	month = mar,
	year = {2016}
}

@misc{_linux_????,
	title = {Linux authentication login with {USB} device},
	url = {https://linuxconfig.org/linux-authentication-login-with-usb-device},
	urldate = {2016-03-11TZ}
}

@article{weizsacker_john_2013,
	title = {John {Maynard} {Keynes}: {Der} {Bezwinger} der {Weltwirtschaftkrisen}},
	issn = {0174-4909},
	shorttitle = {John {Maynard} {Keynes}},
	url = {http://www.faz.net/aktuell/wirtschaft/wirtschaftswissen/die-weltverbesserer/john-maynard-keynes-der-bezwinger-der-weltwirtschaftkrisen-12288956.html?printPagedArticle=true#pageIndex_2},
	abstract = {John Maynard Keynes vertraute seinem eigenen Kopf mehr als der herrschenden Meinung. Das machte ihn zum mächtigsten Ökonomen des 20. Jahrhunderts. Einer unserer „Weltverbesserer“.},
	language = {Deutsch},
	urldate = {2016-03-09TZ},
	journal = {Frankfurter Allgemeine Zeitung},
	author = {Weizsäcker, Carl Christian von},
	month = jul,
	year = {2013},
	note = {bibtex: weizsacker\_john\_2013}
}

@misc{_absinth_2016,
	title = {Absinth},
	copyright = {Creative Commons Attribution-ShareAlike License},
	url = {https://de.wikipedia.org/w/index.php?title=Absinth&oldid=151513282},
	abstract = {Absinth, auch Absinthe oder Wermutspirituose genannt, ist ein alkoholisches Getränk, das traditionell aus Wermut, Anis, Fenchel sowie einer je nach Rezeptur unterschiedlichen Reihe weiterer Kräuter hergestellt wird. Bei einer sehr großen Anzahl von Absinthmarken ist die Spirituose von grüner Farbe. Deswegen wird Absinth gelegentlich auch „die grüne Fee“ (französisch la fée verte) genannt. Der Alkoholgehalt liegt üblicherweise etwa zwischen 45 und 85 Volumenprozent und ist demnach dem oberen Bereich der Spirituosen zuzuordnen. Aufgrund der Verwendung bitter schmeckender Kräuter, insbesondere von Wermut, gilt Absinth als Bitterspirituose, obwohl er nicht unbedingt bitter schmeckt.
Absinth wurde ursprünglich im 18. Jahrhundert im Val de Travers im heutigen Schweizer Kanton Neuenburg (frz. Canton de Neuchâtel) als Heilelixier hergestellt. Große Popularität fand diese Spirituose, die traditionell mit Wasser vermengt getrunken wird, in der zweiten Hälfte des 19. und dem frühen 20. Jahrhundert in Frankreich. Zu den berühmten Absinth-Trinkern zählen unter anderem Charles Baudelaire, Paul Gauguin, Vincent van Gogh, Ernest Hemingway, Edgar Allan Poe, Arthur Rimbaud, Aleister Crowley, Henri de Toulouse-Lautrec und Oscar Wilde.
Auf dem Höhepunkt seiner Popularität stand das Getränk in dem Ruf, aufgrund seines Thujon-Gehalts abhängig zu machen und schwerwiegende gesundheitliche Schäden hervorzurufen. 1915 war das Getränk in einer Reihe europäischer Staaten und den USA verboten. Moderne Studien haben eine Schädigung durch Absinthkonsum nicht nachweisen können; die damals festgestellten gesundheitlichen Schäden werden heute auf die schlechte Qualität des Alkohols und die hohen konsumierten Alkoholmengen zurückgeführt. Seit 1998 ist Absinth in den meisten europäischen Staaten wieder erhältlich. Auch in der Schweiz sind seit 2005 die Herstellung und der Verkauf von Absinth wieder erlaubt.},
	language = {de},
	urldate = {2016-03-02TZ},
	journal = {Wikipedia},
	month = feb,
	year = {2016},
	note = {Page Version ID: 151513282}
}

@misc{generau_geschichte_????,
	type = {Komerziell},
	title = {Die {Geschichte} des {Absinths}},
	url = {http://www.absinthes.net/eur_abs_de/entdecken/absinthe/geschichte.html},
	journal = {Rueverte},
	author = {Générau, Antoine}
}

@misc{_corporate_2013,
	title = {Corporate {Governance} {\textbar} {KPMG} {\textbar} {CH}},
	url = {http://www.kpmg.com/ch/de/auditcommittee/seiten/corporate-governance.aspx},
	abstract = {Die Schaffung einer good Corporate Governance gehört zu den Kernaufgaben des Verwaltungsrats. Sie ist Voraussetzung für eine ausgewogene Entscheidungsfindung auf strategischer Ebene und damit für eine erfolgreiche Unternehmensführung.},
	language = {de-CH},
	urldate = {2016-03-01TZ},
	month = jun,
	year = {2013}
}

@misc{luminati_eid_2016,
	title = {Eid},
	shorttitle = {{HLS}},
	url = {http://www.hls-dhs-dss.ch/textes/d/D44630.php},
	abstract = {Artikel 'Eid' im Historischen Lexikon der Schweiz - Geschichte},
	language = {de},
	urldate = {2016-02-10TZ},
	journal = {Historisches Lexikon der Schweiz},
	author = {Luminati, Michele},
	month = feb,
	year = {2016},
	note = {HLS}
}

@incollection{czeguhn_steitentscheidende_2014,
	address = {Köln Weimar Wien},
	title = {Der steitentscheidende {Parteieid} im römischen und westgotischen {Recht}},
	isbn = {978-3-412-22237-6 3-412-22237-2},
	language = {ger},
	booktitle = {Recht im {Wandel} - {Wandel} des {Rechts}: {Festschrift} für {Jürgen} {Weitzel} zum 70. {Geburtstag}},
	publisher = {Böhlau},
	author = {Harke, Jan Dirk},
	editor = {Czeguhn, Ignacio and Weitzel, Jürgen},
	year = {2014},
	keywords = {(Produktform)Hardback, (VLB-WN)1771: Hardcover, Softcover / Recht/Allgemeines, Lexika, Aufsatzsammlung, Deutschland, Festschrift, Geschichte, Recht, Rechtsgeschichte Mittelalter bis heute, Rechtsgeschichte allgemein, Rechtsgeschichte im Wandel}
}

@article{_reeferegulatory_2016,
	title = {Reeferegulatory challenge},
	issn = {0013-0613},
	url = {http://www.economist.com/news/briefing/21692873-growing-number-countries-are-deciding-ditch-prohibition-what-comes},
	abstract = {A growing number of countries are deciding to ditch prohibition. What comes next?},
	urldate = {2016-02-12TZ},
	journal = {The Economist},
	month = feb,
	year = {2016}
}

@article{_right_2016,
	title = {The right way to do drugs},
	issn = {0013-0613},
	url = {http://www.economist.com/news/leaders/21692881-argument-legalisation-cannabis-has-been-won-now-difficult-bit-right},
	abstract = {The argument for the legalisation of cannabis has been won. Now for the difficult bit},
	urldate = {2016-02-12TZ},
	journal = {The Economist},
	month = feb,
	year = {2016}
}

@article{hafliger_probleme_1958,
	title = {Probleme der {Falschbeurkundung}},
	issn = {0036-7893},
	shorttitle = {{ZStR}},
	language = {German},
	journal = {Schweizerische Zeitschrift für Strafrecht : ZStR = Revue pénale suisse : RPS.},
	author = {Häfliger},
	year = {1958},
	pages = {404 ff.}
}

@misc{trechsel_vor_2008,
	address = {Zürich},
	title = {Vor {Art}. 251},
	isbn = {978-3-03751-030-8},
	shorttitle = {Praxiskommentar, {Vor} {Art}. 251},
	language = {ger},
	journal = {Schweizerisches Strafgesetzbuch: Praxiskommentar},
	publisher = {Dike},
	author = {Trechsel, Stefan and Erni, Lorenz},
	editor = {Trechsel, Stefan},
	year = {2008},
	note = {bibtex: trechsel\_vor\_2008},
	keywords = {Kommentar, Quelle, Schweiz, Strafgesetzbuch, {\textbar}g{\textbar}, {\textbar}t{\textbar}}
}

@misc{trechsel_art._2008,
	address = {Zürich},
	title = {Art. 251, {Urkundenfälschung}},
	isbn = {978-3-03751-030-8},
	shorttitle = {Praxiskommentar, {Art}. 251},
	language = {ger},
	journal = {Schweizerisches Strafgesetzbuch: Praxiskommentar},
	publisher = {Dike},
	author = {Trechsel, Stefan and Erni, Lorenz},
	editor = {Trechsel, Stefan},
	year = {2008},
	keywords = {Kommentar, Quelle, Schweiz, Strafgesetzbuch, {\textbar}g{\textbar}, {\textbar}t{\textbar}}
}

@techreport{bbl_1991_ii_969_botschaft_????,
	title = {Botschaft über die Änderung des {Schweizerischen} {Strafgesetzbuches} und des {Militärstrafgesetzes} ({Strafbare} {Handlungen} gegen das {Vermögen} und {Urkundenfälschung})},
	number = {BBl 1991 II 969},
	collaborator = {BBl 1991 II 969}
}

@book{troller_grundzuge_2001,
	address = {Basel ;Genf ;München},
	title = {Grundzüge des schweizerischen {Immaterialgüterrechts}: {Patentrecht}, {Muster}- und {Modellrecht}, {Urheberrecht}, {Informatikrecht}, {Markenrecht}, {Recht} des unlauteren {Wettbewerbs}},
	isbn = {978-3-7190-1716-3},
	shorttitle = {Grundzüge des {Immaterialgüterrechts}},
	language = {ger},
	publisher = {Helbing und Lichtenhahn},
	author = {Troller, Kamen},
	year = {2001},
	keywords = {7.10b;7.12a/XA-CH, Immaterialgüterrecht, Schweiz}
}

@book{munks_vom_1992,
	address = {Köln etc},
	series = {Prozessrechtliche {Abhandlungen}},
	title = {Vom {Parteieid} zur {Parteivernehmung} in der {Geschichte} des {Zivilprozesses}},
	volume = {85},
	isbn = {3-452-22225-X},
	abstract = {Zugl.: Köln, Univ., Diss., 1991, Literaturverz.},
	language = {ger},
	publisher = {Heymann},
	author = {Münks, Andrea},
	year = {1992},
	keywords = {Deutschland, Eid, Geschichte, Heiliges Römisches Reich Deutscher Nation, Schwur, Verhör, Vernehmung, Zivilprozessrecht}
}

@techreport{_botschaft_????,
	title = {Botschaft zur {Schweizerischen} {Zivilprozessordunung}},
	number = {BBl 2006 7221},
	institution = {Bundesrat}
}

@book{kroeschell_deutsche_1981,
	address = {Opladen},
	edition = {9},
	series = {{WV} {Studium}},
	title = {Deutsche {Rechtsgeschichte} (bis 1250)},
	volume = {1},
	shorttitle = {Rechtsgeschichte},
	number = {Bd. 8-9. Rechtswissenschaften},
	publisher = {Westdeutscher Verlag},
	author = {Kroeschell, Karl},
	year = {1981},
	keywords = {Germany, History, Law, Sources}
}

@book{barbara_muller_..._[et_al.]_ed._urheberrechtsgesetz_2012,
	address = {Bern},
	edition = {2., Aufl.},
	title = {Urheberrechtsgesetz ({URG}) : {Bundesgesetz} über das {Urheberrecht} und verwandte {Schutzrechte}.},
	isbn = {9783727225536},
	language = {ger},
	publisher = {Stämpfli Verlag},
	author = {{Barbara Müller ... [et al.], ed.}},
	year = {2012},
	lccn = {2013402920}
}

@book{barbara_muller_..._[et_al.]_ed._urheberrechtsgesetz_2012-1,
	address = {Bern},
	edition = {2., Aufl.},
	title = {Urheberrechtsgesetz ({URG}) : {Bundesgesetz} über das {Urheberrecht} und verwandte {Schutzrechte}.},
	isbn = {9783727225536},
	language = {ger},
	publisher = {Stämpfli Verlag},
	author = {{Barbara Müller ... [et al.], ed.}},
	year = {2012},
	lccn = {2013402920}
}

@book{stratenwerth_straftaten_2010,
	address = {Bern},
	edition = {7., erg. und überarb. Aufl},
	series = {Schweizerisches {Strafrecht} {Besonderer} {Teil}},
	title = {Straftaten gegen {Individualinteressen}},
	isbn = {978-3-7272-8658-2},
	language = {ger},
	number = {Günter Stratenwerth; Guido Jenny; Felix Bommer[...] ; 1},
	publisher = {Stämpfli},
	author = {Stratenwerth, Günter and Jenny, Guido and Bommer, Felix and Stratenwerth, Günter},
	year = {2010},
	keywords = {Freiheitsdelikt, Körperverletzung, Lehrbuch, Schweiz, Strafrecht, Tötung, Vermögensdelikt}
}

@misc{bge_115_iv_114bge_115_iv_114_bge_????,
	title = {{BGE} 115 {IV} 114},
	author = {BGE 115 IV 114BGE 115 IV 114}
}

@misc{bge_120_iv_122_bge_????,
	title = {{BGE} 120 {IV} 122},
	abstract = {Art. 251 Ziff. 1 StGB; Falschbeurkundung.
Die Herausgabe eines inhaltlich unwahren, bei der Kapitalerhöhung nach dem Verfahren der
Simultangründung freiwilligen Emissionsprospekts erfüllt den Tatbestand der Falschbeurkundung (E. 4d).
Art. 251 Ziff. 1 Abs. 3 StGB; Verwendung der falschen Urkunde zur Täuschung.
Wer inhaltlich falsche Bilanzen an der Generalversammlung vertritt und als Verwaltungsratspräsident
deren Publikation gestattet, macht sie den Getäuschten zugänglich und erfüllt den Tatbestand des
Gebrauchs falscher Urkunden (E. 5c).
Art. 148 Abs. 1 StGB; Arglist und Vermögensschaden.
Die missbräuchliche Verwendung des unwahren Emissionsprospekts ist unabhängig von seiner
Urkundenqualität arglistig, soweit eine Überprüfung nicht möglich oder nicht zumutbar ist (E. 6a).
Durch die Zeichnung von Aktien, deren innerer Wert geringer ist, als vorgetäuscht wurde, erleiden die
Anleger einen objektiven Schaden, da der aufgewendete Liberierungsbetrag im Umfang des
vorgetäuschten Mehrwerts nicht der erworbenen Gegenleistung entspricht. Die Anleger sind auch
insofern geschädigt, als der Wert der Papiere durch die Gefahr des Zerfalls der Börsenkurse bei
Bekanntwerden der Täuschung vermindert ist (E. 6b).},
	author = {BGE 120 IV 122}
}

@misc{bge_119_iv_234_bge_????,
	title = {{BGE} 119 {IV} 234},
	author = {BGE 119 IV 234}
}

@misc{bge_118_iv_254_bge_????,
	title = {{BGE} 118 {IV} 254},
	author = {BGE 118 IV 254}
}

@misc{bge_117_iv_165_bge_????,
	title = {{BGE} 117 {IV} 165},
	author = {BGE 117 IV 165}
}

@misc{bge_117_iv_35_bge_????,
	title = {{BGE} 117 {IV} 35},
	author = {BGE 117 IV 35}
}

@misc{bge_116_iv_52_bge_????,
	title = {{BGE} 116 {IV} 52},
	author = {BGE 116 IV 52}
}
@misc{bge_115_iv_225_bge_????,
	title = {{BGE} 115 {IV} 225},
	author = {BGE 115 IV 225}
}

@misc{bge_114_iv_3i_bge_????,
	title = {{BGE} 114 {IV} 3I},
	author = {BGE 114 IV 3I}
}

@misc{bge_114_iv_26_bge_????,
	title = {{BGE} 114 {IV} 26},
	author = {BGE 114 IV 26}
}

@misc{_bge_????,
	title = {{BGE} 120 {IV} 25},
	url = {http://relevancy.bger.ch/php/clir/http/index.php?lang=de&type=show_document&highlight_docid=atf://120-IV-25},
	urldate = {2016-02-06TZ}
}

@misc{bge_121_iv_131_bge_????,
	title = {{BGE} 121 {IV} 131},
	url = {http://relevancy.bger.ch/php/clir/http/index.php?lang=de&type=show_document&highlight_docid=atf://121-IV-131:de&print=no},
	urldate = {2016-02-06TZ},
	author = {BGE 121 IV 131}
}

@misc{_bge_1991,
	title = {{BGE} 117 {IV} 35},
	url = {http://relevancy.bger.ch/php/clir/http/index.php?lang=de&type=show_document&highlight_docid=atf://117-IV-35:de&print=yes},
	urldate = {2016-02-06TZ},
	month = apr,
	year = {1991},
	note = {bibtex: \_bge\_1991}
}

@misc{schweizerisches_bundesgericht_bge_????,
	title = {{BGE} 125 {IV} 17},
	url = {http://relevancy.bger.ch/php/clir/http/index.php?lang=de&type=show_document&highlight_docid=atf://125-IV-17:de&print=yes},
	urldate = {2016-02-06TZ},
	author = {Schweizerisches Bundesgericht}
}

@misc{schweizerisches_bundesgericht_bge_????-1,
	title = {{BGE} 132 {IV} 12},
	url = {http://relevancy.bger.ch/php/clir/http/index.php?lang=de&type=show_document&highlight_docid=atf://132-IV-12:de&print=yes},
	urldate = {2016-02-06TZ},
	author = {Schweizerisches Bundesgericht}
}

@misc{schweizerisches_bundesgericht_bge_????-2,
	title = {{BGE} 129 {IV} 130},
	url = {http://relevancy.bger.ch/php/clir/http/index.php?lang=de&type=show_document&highlight_docid=atf://129-IV-130:de&print=yes},
	urldate = {2016-02-06TZ},
	author = {Schweizerisches Bundesgericht}
}

@misc{schweizerisches_bundesgericht_bge_????-3,
	title = {{BGE} 125 {IV} 273},
	url = {http://relevancy.bger.ch/php/clir/http/index.php?lang=de&type=show_document&highlight_docid=atf://125-IV-273:de&print=yes},
	urldate = {2016-02-06TZ},
	author = {Schweizerisches Bundesgericht}
}

@misc{schweizerisches_bundesgericht_bge_????-4,
	title = {{BGE} 123 {IV} 132},
	url = {http://relevancy.bger.ch/php/clir/http/index.php?lang=de&type=show_document&highlight_docid=atf://123-IV-132:de&print=yes},
	urldate = {2016-02-06TZ},
	author = {Schweizerisches Bundesgericht}
}

@misc{schweizerisches_bundesgericht_bge_????-5,
	title = {{BGE} 123 {IV} 61},
	url = {http://relevancy.bger.ch/php/clir/http/index.php?lang=de&type=show_document&highlight_docid=atf://123-IV-61:de&print=yes},
	urldate = {2016-02-06TZ},
	author = {Schweizerisches Bundesgericht}
}

@misc{schweizerisches_bundesgericht_bge_????-6,
	title = {{BGE} 123 {IV} 17},
	url = {http://relevancy.bger.ch/php/clir/http/index.php?lang=de&type=show_document&highlight_docid=atf://123-IV-17:de&print=yes},
	urldate = {2016-02-06TZ},
	author = {Schweizerisches Bundesgericht}
}

@misc{schweizerisches_bundesgericht_bge_????-7,
	title = {{BGE} 122 {IV} 25},
	url = {http://relevancy.bger.ch/php/clir/http/index.php?lang=de&type=show_document&highlight_docid=atf://122-IV-25:de&print=yes},
	urldate = {2016-02-06TZ},
	author = {Schweizerisches Bundesgericht}
}

@misc{schweizerisches_bundesgericht_bge_????-8,
	title = {{BGE} 122 {IV} 235},
	url = {http://relevancy.bger.ch/php/clir/http/index.php?lang=de&type=show_document&highlight_docid=atf://122-IV-235:de&print=yes},
	urldate = {2016-02-06TZ},
	author = {Schweizerisches Bundesgericht},
	note = {bibtex: schweizerisches\_bundesgericht\_bge\_????}
}

@techreport{_bge_????-1,
	title = {{BGE} 121 {IV} 131},
	note = {Art. 110 Ziff. 5 und 251 StGB; Falschbeurkundung durch eine Rechnung mit dazugehöriger Quittung. Einer fiktiven Rechnung mit dazugehöriger Quittung kommt nicht von Gesetzes wegen eine allgemeingültige objektive Garantie zu, die in jedem Fall eine Falschbeurkundung darstellen würde. Aufgrund der Umstände ist noch zu prüfen, ob ein solches Schriftstück z.B. wegen besonderer Eigenschaften der ausstellenden Person einen erhöhten Beweiswert besitzt (E. 2c). Art. 179septies StGB; Missbrauch des Telefons, Begriff der Bosheit und des Mutwillens. Der Begriff des Missbrauchs ist eine vom Richter zu entscheidende Wertungsfrage. Bosheit ist anzunehmen, wenn der Täter die Tat begeht, weil ihm der Schaden oder die Unannehmlichkeiten, die er dem andern damit zufügt, Freude bereiten. Mutwillen bedeutet rücksichtsloses Handeln oder Handeln aus Übermut, Trotz, um eine momentane Laune zu befriedigen (E. 5b). 
bibtex: BGE121IV131}
}

@book{stratenwerth_straftaten_2013,
	address = {Bern},
	title = {Straftaten gegen {Gemeininteressen}},
	isbn = {978-3-7272-8684-1},
	language = {German},
	publisher = {Stämpfli},
	author = {Stratenwerth, Günter and Bommer, Felix},
	year = {2013}
}

@book{kohlbacher_beweiszeichen_1991,
	address = {Basel},
	series = {Neue {Literatur} zum {Recht}},
	title = {Beweiszeichen als {Urkunden} im schweizerischen {Strafrecht}: ein {Beitrag} zur {Reform} der {Urkundendelikte}},
	isbn = {978-3-7190-1115-4},
	shorttitle = {Beweiszeichen als {Urkunden} im schweizerischen {Strafrecht}},
	publisher = {Helbing \& Lichtenhahn},
	author = {Kohlbacher, Ursula},
	year = {1991}
}

@article{arzt_unternehmensstrafbarkeit_2004,
	title = {Unternehmensstrafbarkeit - {Fernwirkungen} im materiellen {Strafrecht} ({Fahrlässigkeit}, {Begünstigung}, {Urkundendelikte}, {Geschäftsbesorgung})},
	volume = {22},
	journal = {recht},
	author = {Arzt, Gunther},
	year = {2004}
}

@book{anderegg_urkundenfalschung_1944,
	address = {Zürich},
	title = {Die {Urkundenfälschung} des 11. {Titels} des {Schweizerischen} {Strafgesetzbuches}},
	abstract = {Diss. Univ. Zürich, 1944. - Ref.: Hans Felix Pfenninger},
	language = {ger},
	publisher = {Lang},
	author = {Anderegg, Bruno},
	year = {1944},
	keywords = {Kriminalrecht, Schweiz, Schweizerische Eidgenossenschaft, Strafrecht, Urkundenfälschung}
}

@misc{__????
}

@misc{gerny_drogenpolitik:_????,
	title = {Drogenpolitik: {Städte} setzen auf {Cannabis}-{Klubs}},
	shorttitle = {Drogenpolitik},
	url = {http://www.nzz.ch/schweiz/aktuelle-themen/drogenpolitik-staedte-setzen-auf-cannabis-vereine-ld.5020},
	abstract = {Das Cannabis-Verbot lässt sich kaum durchsetzen. Mit Versuchen zur legalen Abgabe wollen die Städte Schwung in die Debatte bringen.},
	urldate = {2016-02-05TZ},
	journal = {Neue Zürcher Zeitung},
	author = {Gerny, Daniel}
}

@article{lindner_marihuana-legalisierung:_2016,
	title = {Marihuana-{Legalisierung}: {Milliardenmarkt} {Kiffen}},
	issn = {0174-4909},
	shorttitle = {Marihuana-{Legalisierung}},
	url = {http://www.faz.net/aktuell/wirtschaft/die-legalisierungswelle-in-den-vereinigten-staaten-macht-marihuana-zu-einem-immer-groesseren-geschaeft-kiffen-wird-zum-milliardenmarkt-14053316.html?GETS=pt;7;pcp;newsletter;pcc;newsletter.redaktionell.Fr%c3%bchaufsteher&utm_source=FAZnewsletter&utm_medium=email&utm_campaign=Newsletter_FAZ_Fr%c3%bchaufsteher},
	abstract = {Die Legalisierungswelle in den Vereinigten Staaten macht Marihuana zu einem immer größeren Geschäft. Das unterstreicht eine neue Studie. Aber die aufstrebende Industrie kämpft noch mit Hindernissen.},
	language = {Deutsch},
	urldate = {2016-02-05TZ},
	journal = {Frankfurter Allgemeine Zeitung},
	author = {Lindner, Roland},
	month = feb,
	year = {2016}
}

@book{gunter_stratenwerth._straftaten_2000,
	address = {Bern},
	edition = {5., überarb. und erg. Aufl.},
	title = {Straftaten gegen {Gemeininteressen}},
	isbn = {3727209291},
	language = {ger},
	publisher = {Stämpfli},
	author = {{Günter Stratenwerth.}},
	year = {2000}
}

@book{svizzera_schweizerisches_1997,
	address = {Zürich},
	title = {Schweizerisches {Strafgesetzbuch}: {Kurzkommentar}},
	shorttitle = {Schweizerisches {Strafgesetzbuch}},
	language = {Italian},
	publisher = {Schulthess},
	author = {{Svizzera} and Egeter, Istok and Trechsel, Stefan},
	year = {1997}
}

@book{musil_verwirrungen_2009,
	address = {Reinbek bei Hamburg},
	edition = {66. Aufl},
	series = {rororo},
	title = {Die {Verwirrungen} des {Zöglings} {Törless}},
	isbn = {3499103001 9783499103001},
	language = {ger},
	number = {10300},
	publisher = {Rowohlt-Taschenbuch-Verl},
	author = {Musil, Robert},
	year = {2009},
	keywords = {Belletristische Darstellung, Geschichte 1900, Grausamkeit, Internat, Pubertät, Schüler, Österreich-Ungarn}
}

@book{zweig_ausgewahlte_1977,
	address = {Zürich},
	series = {Zweig {Ausgewählte} {Werke}},
	title = {Ausgewählte {Werke}},
	volume = {2},
	author = {Zweig, Stefan},
	year = {1977}
}

@book{zweig_ausgewahlte_1977-1,
	address = {Zürich},
	series = {Zweig {Ausgewählte} {Werke}},
	title = {Ausgewählte {Werke}},
	volume = {1},
	author = {Zweig, Stefan},
	year = {1977}
}

@book{brackert_nibelungenlied._2005,
	address = {Frankfurt a.M.},
	edition = {Orig.-Ausg., 27. Aufl},
	series = {Fischer {Taschenbücher}},
	title = {Das {Nibelungenlied}. {Teil} 2: [...]},
	volume = {2},
	isbn = {3596260396 3596260396 9783596260393},
	shorttitle = {Das {Nibelungenlied}. {Teil} 2},
	language = {gmh ger},
	number = {6039},
	publisher = {Fischer-Bücherei},
	editor = {Brackert, Helmut},
	year = {2005}
}

@book{brackert_nibelungenlied._2003,
	address = {Frankfurt a.M.},
	edition = {Orig.-Ausg., 28. Aufl},
	series = {Fischer {Taschenbücher}},
	title = {Das {Nibelungenlied}. {Teil} 1: [...]},
	volume = {1},
	isbn = {3596260388 3596260388},
	shorttitle = {Das {Nibelungenlied}. {Teil} 1},
	language = {gmh ger},
	number = {6038},
	publisher = {Fischer-Bücherei},
	editor = {Brackert, Helmut},
	year = {2003}
}

@book{kirst_fabrik_1988,
	address = {München},
	edition = {Ungekürzte Ausg},
	series = {Goldmann},
	title = {Fabrik der {Offiziere}: {Roman}},
	isbn = {3442065887 3442065887},
	shorttitle = {Fabrik der {Offiziere}},
	language = {ger},
	number = {6588},
	publisher = {Goldmann},
	author = {Kirst, Hans Hellmut},
	year = {1988}
}

@book{lenz_kriegsende_1984,
	address = {Hamburg},
	title = {Ein {Kriegsende}},
	isbn = {3455042120},
	publisher = {Hoffmann und Campe},
	author = {Lenz, Siegfried},
	year = {1984},
	keywords = {Baltic Sea Region, Search and rescue operations, World War, 1939-1945}
}

@book{lenz_feuerschiff:_2002,
	address = {München},
	edition = {Ungekürzte Ausg.; 42. Aufl},
	series = {dtv},
	title = {Das {Feuerschiff}: {Erzählungen}},
	isbn = {3423003367 3423003367},
	shorttitle = {Das {Feuerschiff}},
	abstract = {Ein Feuerschiff: Ansteuerungspunkt für die ein- und auslaufenden Schiffe, ein am Meeresgrund verankertes, an seine unveränderliche Position gebundenes Symbol der Sicherheit. Was geschieht, wenn auf einem solchen Schiff ein Konflikt zwischen bewaffneter und unbewaffneter Macht ausbricht, wenn drei bewaffnete Männer als Schiffbrüchige an Bord genommen werden, denen es bald gelingt, auf dem Schiff die Oberhand zu gewinnen? - 10 packende Erzählungen enthält dieses Buch. So spielt zum Beispiel die Handlung der Titelgeschichte auf einem vor der Ostseeküste verankerten Feuerschiff, dessen Besatzung 3 Männer aus Seenot rettet. Aber die Schiffbrüchigen sind entflohene Häftlinge, die nun mit Waffengewalt den Kapitän u. die Mannschaft terrorisieren},
	language = {ger},
	number = {00336},
	publisher = {Dt. Taschenbuch-Verl},
	author = {Lenz, Siegfried},
	year = {2002}
}

@article{bennett_factors_1975,
	title = {Factors affecting the solubility of calcium pyrophosphate dihydrate crystals},
	volume = {56},
	issn = {0021-9738},
	doi = {10.1172/JCI108239},
	abstract = {The solubility of triclinic calcium pyrophosphate dihydrate (CPPD) crystals was measured under varying conditions using 45Ca-labeled crystals, expressing solubility as micromoles per liter of 45Ca in solution. In a 0.1-M Tris-HC1 buffer pH 7.4, the solubility of accurately sized CPPD crystals (37-20mum) was 60muM with maximal solubility being attained after about 8 h incubation at 37degreeC. Reduction in crystal size, decrease in pH, increase in ionic strength, Mg++, citrate, and albumin all increased solubility. The most marked effects on solubility occurred when changing the calcium concentration or by enzymatic hydrolysis of inoganic pyrophosphate to orthophosphate. It was found that decreasing the ionized calcium level below 5 mg/100 ml resulted in a progressive enhancement of solubility. The observed solubility-enhancing effects of albumin could be explained solely on its calcium-binding ability and thereby, altered ionized calcium level. Diffusible calcium in synovial fluid was only 40\% of the total calcium concentration, which means most joint fluids are normally near the critical concentration of 5 mg/100 ml of ionized calcium, below which solubility is enhanced. During surgery, especially parathyroidectomy, calcium levels fall, favoring dissolution of CPPD crystals. We speculate that the slight decrease in crystal size during dissolution frees them from their cartilaginous mold, resulting in a dose-dependent inflammatory reaction as they are "shed" into the joint space. Crystal shedding may be reinforced by the modest fall in joint fluid pH accompanying the inflammatory response.},
	language = {eng},
	number = {6},
	journal = {The Journal of Clinical Investigation},
	author = {Bennett, R. M. and Lehr, J. R. and McCarty, D. J.},
	month = dec,
	year = {1975},
	pmid = {423},
	pmcid = {PMC333136},
	keywords = {Arthritis, Rheumatoid, Calcium, Chondrocalcinosis, Citrates, Diphosphates, Gout, Humans, Hydrogen-Ion Concentration, Hydrolysis, Joint Diseases, Joints, Magnesium, Osteoarthritis, Pyrophosphatases, Serum Albumin, Solubility, Synovial Fluid},
	pages = {1571--1579}
}

@article{orskov_effects_1975,
	title = {The effects of processing of barley-based supplements on rumen {pH}, rate of digestion of voluntary intake of dried grass in sheep},
	volume = {34},
	issn = {0007-1145},
	abstract = {1. In one experiment the effect on rumen pH of feeding with restricted amounts of whole or pelleted barley was studied. With whole barley there was little variation in rumen pH associated with feeding time, but with pelleted barley the pH decreased from about 7-0 before feeding to about 5-3, 2--3 h after feeding. 2. The rate of disappearance of dried grass during incubation in the rumens of sheep receiving either whole or pelleted barley was studied in a second experiment. After 24 h incubation only 423 mg/g incubated had disappeared in the rumen of sheep receiving pelleted barley while 625 mg/g incubated had disappeared when it was incubated in the rumen of sheep receiving whole barley. 3. The voluntary intake of dried grass of lambs was studied in a third experiment when they received supplements of either 25 or 50 g whole or pelleted barley/kg live weight 0-75. At the high level, pelleted barley reduced intake of dried grass by 534 g/kg but whole barley reduced it by only 352 g/kg. The digestibility of acid-detergent fibre was reduced more by pelleted barley than by whole barley but there was a tendency for a small increase in digestibility of the barley due to processing. 4. The implications of these findings on supplementation of roughages with cereals are discussed.},
	language = {eng},
	number = {3},
	journal = {The British Journal of Nutrition},
	author = {Orskov, E. R. and Fraser, C.},
	month = nov,
	year = {1975},
	pmid = {36},
	keywords = {Animal Feed, Animals, Cereals, Digestion, Gastric Juice, Hordeum, Hydrogen-Ion Concentration, Rumen, Sheep},
	pages = {493--500}
}

@article{anderson_maturation_1975,
	title = {Maturation of the adrenal medulla--{IV}. {Effects} of morphine},
	volume = {24},
	issn = {0006-2952},
	language = {eng},
	number = {16},
	journal = {Biochemical Pharmacology},
	author = {Anderson, T. R. and Slotkin, T. A.},
	month = aug,
	year = {1975},
	pmid = {7},
	keywords = {Adrenal Medulla, Aging, Animals, Animals, Newborn, Body Weight, Catecholamines, Dopamine beta-Hydroxylase, Epinephrine, Female, Humans, In Vitro Techniques, Maternal-Fetal Exchange, Metaraminol, Morphine, Morphine Dependence, Pregnancy, Rats, Tyrosine 3-Monooxygenase},
	pages = {1469--1474}
}

@article{smith_metal_1975,
	title = {Metal substitutions incarbonic anhydrase: a halide ion probe study},
	volume = {66},
	issn = {0006-291X},
	shorttitle = {Metal substitutions incarbonic anhydrase},
	language = {eng},
	number = {4},
	journal = {Biochemical and Biophysical Research Communications},
	author = {Smith, R. J. and Bryant, R. G.},
	month = oct,
	year = {1975},
	pmid = {3},
	keywords = {Animals, Binding Sites, Cadmium, Carbonic Anhydrases, Cattle, Humans, Hydrogen-Ion Concentration, Magnetic Resonance Spectroscopy, Mercury, Protein Binding, Protein Conformation, Zinc},
	pages = {1281--1286}
}

@book{lenz_deutschstunde:_2003,
	address = {München},
	edition = {Ungekürzte Ausg., 35. Aufl},
	series = {dtv},
	title = {Deutschstunde: {Roman}},
	isbn = {3423009446 3423009446},
	shorttitle = {Deutschstunde},
	language = {ger},
	number = {944},
	publisher = {Dt. Taschenbuch-Verl},
	author = {Lenz, Siegfried},
	year = {2003},
	keywords = {Belletristische Darstellung, Berufsverbot, Geschichte 1943-1946, Maler, Nationalsozialismus, Nationalsozialist, Polizeibeamter, Schleswig-Holstein, Sohn, Vater}
}

@book{kreisler_wien:_2011,
	address = {Zürich},
	title = {Wien: die einzige {Stadt} der {Welt}, in der ich geboren bin ; {Satiren}},
	isbn = {9783855353668 9783855353668},
	shorttitle = {Wien},
	language = {ger},
	publisher = {Atrium},
	author = {Kreisler, Georg},
	year = {2011},
	keywords = {Anthologie, Wien}
}

@article{nuwer_role_1979,
	title = {Role of the inferotemporal cortex in visual selective attention},
	volume = {46},
	issn = {0013-4694},
	abstract = {Electrocortical recordings were made from monkeys performing in a multidimensional visual task. Wave forms dependent on the stimulus presented (irrespective of task required) were recorded immediately following the stimulus primarily from electrodes implanted in the striate and prestriate cortex. Wave forms dependent on the panel pressed (irrespective of the stimulus or of the task) were recorded especially from motor and post-central cortex, and to a lesser extent in anterior frontal cortex, always just prior to or following the time of the response. Wave forms dependent on the task as determined by the reinforcing contingencies (but independent of the particular stimulus presented or the particular panel pressed) were recorded primarily from the inferior temporal cortex, and rarely from prestriate and anterior frontal cortex. While task-related wave forms began to appear shortly after stimulus presentation, they became especially apparent around the time of the response. This response-linking increased in prominence as the subject achieved 90\% proficiency in each task, only to drop off with overtraining. Further, the task-related wave form does not change as rapidly as does overt behavior when the reinforcement contingency is shifted from one stimulus dimension to another. The relevance of these results to an understanding of the process of selective attention is discussed.},
	language = {eng},
	number = {4},
	journal = {Electroencephalography and Clinical Neurophysiology},
	author = {Nuwer, M. R. and Pribram, K. H.},
	month = apr,
	year = {1979},
	pmid = {85535},
	keywords = {Animals, Attention, Brain Mapping, Color Perception, Discrimination Learning, Electroencephalography, Evoked Potentials, Form Perception, Frontal Lobe, Haplorhini, Macaca mulatta, Motor Cortex, Parietal Lobe, Temporal Lobe, Visual Cortex, Visual Perception},
	pages = {389--400}
}

@article{lacks_membrane_1975,
	title = {Membrane location of a deoxyribonuclease implicated in the genetic transformation of {Diplococcus} pneumoniae},
	volume = {124},
	issn = {0021-9193},
	abstract = {The cellular localization of enzymes in Diplococcus pneumoniae was examined by fractionation of spheroplasts. A deoxyribonuclease implicated in the entry of deoxyribonucleic acid (DNA) into the cell during genetic transformation was located in the cell membrane. This enzyme, the major endonuclease of the cell (endonuclease I), which is necessary for the conversion of donor DNA to single strands inside the cell and oligonucleotides outside, thus could act at the cell surface. Another enzyme, the cell wall lysin (autolysin), was also found in the membrane fraction. Other enzymes, including amylomaltase, two exonucleases, and adenosine triphosphate-dependent deoxyribonuclease, and a restriction type endonuclease, were located in the cytosol within the cell. None of the enzymes examined were predominantly periplasmic in location. Spheroplasts were obtained spontaneously on incubation of pneumococcal cells in concentrated sugar solutions. The autolytic enzyme appears to be involved in this process. Cells that were physiologically competent to take up DNA formed osmotically sensitive spheroplasts two to three times faster than cells that were not in the competent state. Although some genetically incompetent mutants also formed spheroplasts more slowly, other such mutants formed them at the faster rate.},
	language = {eng},
	number = {3},
	journal = {Journal of Bacteriology},
	author = {Lacks, S. and Neuberger, M.},
	month = dec,
	year = {1975},
	pmid = {366},
	pmcid = {PMC236044},
	keywords = {Cell Fractionation, Cell Membrane, Cytosol, DNA, Bacterial, Deoxyribonucleases, Endonucleases, Exonucleases, Glucosyltransferases, Spheroplasts, Streptococcus pneumoniae, Subcellular Fractions, Transformation, Genetic},
	pages = {1321--1329}
}

@article{moroi_comparison_1975,
	title = {Comparison between procaine and isocarboxazid metabolism in vitro by a liver microsomal amidase-esterase},
	volume = {24},
	issn = {0006-2952},
	language = {eng},
	number = {16},
	journal = {Biochemical Pharmacology},
	author = {Moroi, K. and Sato, T.},
	month = aug,
	year = {1975},
	pmid = {8},
	keywords = {Amidohydrolases, Animals, Esterases, Hydrogen-Ion Concentration, In Vitro Techniques, Isocarboxazid, Kinetics, Male, Metals, Microsomes, Liver, Phospholipids, Procaine, Proteins, Rats, Subcellular Fractions, Temperature},
	pages = {1517--1521}
}

@article{swett_outpatient_1975,
	title = {Outpatient phenothiazine use and bone marrow depression. {A} report from the drug epidemiology unit and the {Boston} collaborative drug surveillance program},
	volume = {32},
	issn = {0003-990X},
	abstract = {Phenothiazine-induced bone marrow depression (BMD) was evaluated in three separate but complementary data bases: (1) Among 1,048 patients admitted to psychiatric hospitals, there was no evidence of subclinical depression of the white blood cell (WBC) count attributable to phenothiazines used before admission. (2) Among 18,587 medical inpatients, there were 34 patients admitted for BMD in the absence of neoplasia or prior cytotoxic drug therapy; one of the latter reported using chlorpromazine hydrochloride, but it is doubtful whether this drug was the cause of the BMD. (3) Among 24,795 medical, surgical, and gynecological patients surveyed over a ten-month period in 1972, there were four who were admitted for BMD; one of the latter had a reversible leukopenia attributed to trifluoperazine hydrochloride.},
	language = {eng},
	number = {11},
	journal = {Archives of General Psychiatry},
	author = {Swett, C.},
	month = nov,
	year = {1975},
	pmid = {978},
	keywords = {Ambulatory Care, Antipsychotic Agents, Female, Humans, Leukopenia, Male, Mental Disorders, Phenothiazines},
	pages = {1416--1418}
}

@book{kastner_emil_1966,
	address = {Zürich},
	edition = {(Lizenzausg.).},
	title = {Emil und die drei {Zwillinge} : {Die} 2. {Geschichte} von {Emil} und den {Detektiven}},
	shorttitle = {Emil und die drei {Zwillinge}},
	publisher = {Schweizer Verlagshaus, (Neue Schweizer Bibliothek)},
	author = {Kästner, Erich},
	collaborator = {Trier, Walter},
	year = {1966}
}

@book{kastner_doktor_1946,
	address = {Zürich},
	edition = {[30.-39. Tsd.]},
	title = {Doktor {Erich} {Kästners} {Lyrische} {Hausapotheke} : ein {Taschenbuch} : enthält alte und neue {Gedichte} des {Verfassers} für den {Hausbedarf} der {Leser} nebst einem {Vorw}. und einer nutzbringenden {Gebrauchsanweisung} samt {Register}},
	shorttitle = {Doktor {Erich} {Kästners} {Lyrische} {Hausapotheke}},
	publisher = {Atrium},
	author = {Kästner, Erich},
	year = {1946}
}

@book{kafka_urteil_2008,
	address = {Frankfurt am Main},
	edition = {68. Aufl},
	series = {Fischer},
	title = {Das {Urteil} und andere {Erzählungen}},
	isbn = {3596200199 9783596200191},
	language = {ger},
	number = {19},
	publisher = {Fischer-Taschenbuch-Verl},
	author = {Kafka, Franz},
	year = {2008}
}

@book{kafka_schloss:_1992,
	address = {Frankfurt am Main},
	series = {Fischer-{Taschenbuch}},
	title = {Das {Schloss}: {Roman} ; in der {Fassung} der {Handschrift}},
	isbn = {3596113296 3596113296},
	shorttitle = {Das {Schloss}},
	language = {ger},
	number = {11329},
	publisher = {Fischer Taschenb. Verl},
	author = {Kafka, Franz},
	year = {1992}
}

@book{kaschnitz_alte_1979,
	address = {[Frankfurt]},
	title = {Der alte {Garten}: ein {Märchen}},
	isbn = {3518068873 9783518068878},
	shorttitle = {Der alte {Garten}},
	language = {German},
	publisher = {Suhrkamp},
	author = {Kaschnitz, Marie Luise},
	year = {1979}
}

@book{kafka_proces:_2003,
	address = {Frankfurt am Main},
	edition = {10. Aufl},
	series = {Gesammelte {Werke}},
	title = {Der {Proceß}: {Roman} ; in der {Fassung} der {Handschrift}},
	isbn = {3596124433 3596124433},
	shorttitle = {Der {Proceß}},
	language = {ger},
	number = {in zwölf Bänden / Franz Kafka. Nach der kritischen Ausg. hrsg. von Hans-Gerd Koch ; 3},
	publisher = {Fischer-Taschenbuch-Verl},
	author = {Kafka, Franz},
	editor = {Koch, Hans-Gerd},
	year = {2003},
	keywords = {Belletristische Darstellung, Identität, Kafka}
}

@book{kafka_briefe_2004,
	address = {Frankfurt am Main},
	edition = {13. Aufl},
	series = {Fischer-{Taschenbücher}},
	title = {Briefe an {Milena}},
	isbn = {9783596253074 3596253071},
	abstract = {Soeben hat der zwei Tage und eine Nacht dauernde Regen aufgehört, wahrscheinlich zwar nur vorübergehend, immerhin ein Ereignis wert gefeiert zu werden und das tue ich indem ich ihnen schreibe" - Kafkas erster Brief an Milena beginnt wie ein Roman - zusammen gelesen werden alle seine Briefe an diese Frau zu einem Liebesroman, einer Orgie an Verzweiflung, Seligkeit, Selbstzerfleischung und Selbsterniedrigung. Im April 1920 hatte Kafka die Journalistin Milena Jesensk bei einem Prag-Besuch in Gesellschaft gemeinsamer Freunde kennengelernt. Im Verlauf des Gesprächs teilte sie ihm ihre Absicht mit, zwei seiner Erzählungen ins Tschechische zu übersetzen - ein Punkt von beiderseitigem Interesse war angesprochen, eine Beziehung angeknüpft. Milena lebte in Wien in einer "sich allmählich auflösenden Ehe", Franz Kafka war in Prag zu Hause; Begegnungen waren nur zeitweise möglich. Briefe mussten die Trennung überbrücken - sie wurden zu Dokumenten einer sich entwickelnden Leidenschaft},
	language = {ger},
	number = {5307},
	publisher = {Fischer-Taschenbuch-Verl},
	author = {Kafka, Franz},
	editor = {Born, Jürgen and Jesenská, Milena},
	year = {2004},
	keywords = {Briefsammlung, Briefsammlung 1920-1923, Jesenská, Kafka}
}

@article{makar_formate_1975,
	title = {Formate assay in body fluids: application in methanol poisoning},
	volume = {13},
	issn = {0006-2944},
	shorttitle = {Formate assay in body fluids},
	language = {eng},
	number = {2},
	journal = {Biochemical Medicine},
	author = {Makar, A. B. and McMartin, K. E. and Palese, M. and Tephly, T. R.},
	month = jun,
	year = {1975},
	pmid = {1},
	keywords = {Aldehyde Oxidoreductases, Animals, Body Fluids, Carbon Dioxide, Formates, Haplorhini, Humans, Hydrogen-Ion Concentration, Kinetics, Methanol, Methods, Pseudomonas},
	pages = {117--126}
}

@article{smith_metal_1975-1,
	title = {Metal substitutions incarbonic anhydrase: a halide ion probe study},
	volume = {66},
	issn = {0006-291X},
	shorttitle = {Metal substitutions incarbonic anhydrase},
	language = {eng},
	number = {4},
	journal = {Biochemical and Biophysical Research Communications},
	author = {Smith, R. J. and Bryant, R. G.},
	month = oct,
	year = {1975},
	pmid = {3},
	keywords = {Animals, Binding Sites, Cadmium, Carbonic Anhydrases, Cattle, Humans, Hydrogen-Ion Concentration, Magnetic Resonance Spectroscopy, Mercury, Protein Binding, Protein Conformation, Zinc},
	pages = {1281--1286}
}

@article{chiou_further_1975,
	title = {Further studies on the pharmacology of a false cholinergic transmitter, (2-hydroxyethyl) methyldiethylammonium (diethylcholine)},
	volume = {17},
	issn = {0024-3205},
	language = {eng},
	number = {6},
	journal = {Life Sciences},
	author = {Chiou, C. Y.},
	month = sep,
	year = {1975},
	pmid = {569},
	keywords = {Animals, Anura, Cats, Choline, Depression, Chemical, Dogs, Dose-Response Relationship, Drug, Ganglionic Blockers, In Vitro Techniques, Neuroeffector Junction, Neuromuscular Junction, Parasympathetic Nervous System, Parasympatholytics, Synaptic Transmission},
	pages = {907--913}
}

@article{shahani_acid_1975,
	title = {Acid potential of streptococci and lactobacilli in the initiation of dental caries},
	volume = {47},
	issn = {0019-4611},
	language = {eng},
	number = {1},
	journal = {Journal of the Indian Dental Association},
	author = {Shahani, D. R. and Ahuja, G. S.},
	month = jan,
	year = {1975},
	pmid = {25307},
	keywords = {Clinical Trials as Topic, Dental Caries, Humans, Hydrogen-Ion Concentration, Lactobacillus, Streptococcus},
	pages = {25--32}
}

@book{kleist_marquise_2002,
	address = {Frankfurt am Main},
	edition = {Erstausg., 1. Aufl., [Nachdr.]},
	series = {Insel-{Taschenbuch}},
	title = {Die {Marquise} von {O}},
	isbn = {3458319999 3458319999},
	language = {ger},
	number = {299},
	publisher = {Insel-Verl},
	author = {Kleist, Heinrich von},
	editor = {Politzer, Heinz and Berthel, Werner},
	year = {2002}
}

@book{mann_professor_2008,
	address = {Frankfurt am Main},
	edition = {14. Aufl},
	series = {Studienausgabe in {Einzelbänden}},
	title = {Professor {Unrat} oder das {Ende} eines {Tyrannen}: {Roman}},
	isbn = {3596259347 3596259347 9783596259342},
	shorttitle = {Professor {Unrat} oder das {Ende} eines {Tyrannen}},
	language = {ger},
	number = {Heinrich Mann. Hrsg. von Peter-Paul Schneider[...]},
	publisher = {Fischer Taschenbuch Verl},
	author = {Mann, Heinrich},
	editor = {Wolff, Rudolf and Schneider, Peter-Paul},
	year = {2008}
}

@book{junger_stahlgewittern_2010,
	address = {Stuttgart},
	edition = {47. Aufl},
	title = {In {Stahlgewittern}},
	isbn = {360895208X 9783608952087},
	language = {ger},
	publisher = {Klett-Cotta},
	author = {Jünger, Ernst},
	year = {2010},
	keywords = {Jünger, Tagebuch 1914-1918}
}

@book{kleist_werke::_1996,
	address = {Köln},
	title = {Werke:: in drei {Bänden}. {Bd}. 2: [...]},
	volume = {2},
	isbn = {3895082023 3895082023},
	shorttitle = {Werke},
	language = {ger},
	publisher = {Könemann},
	author = {Kleist, Heinrich von},
	editor = {Toman, Rolf},
	year = {1996}
}

@book{kleist_werke::_1996-1,
	address = {Köln},
	title = {Werke:: in drei {Bänden}. {Bd}. 1: [...]},
	volume = {1},
	isbn = {3895082015 3895082015},
	shorttitle = {Werke},
	language = {ger},
	publisher = {Könemann},
	author = {Kleist, Heinrich von},
	editor = {Toman, Rolf},
	year = {1996}
}

@book{kleist_werke::_1996-2,
	address = {Köln},
	title = {Werke:: in drei {Bänden}. {Bd}. 3: [...]},
	volume = {3},
	isbn = {3895082031 3895082031},
	shorttitle = {Werke},
	language = {ger},
	publisher = {Könemann},
	author = {Kleist, Heinrich von},
	editor = {Toman, Rolf},
	year = {1996}
}

@article{smith_metal_1975-2,
	title = {Metal substitutions incarbonic anhydrase: a halide ion probe study},
	volume = {66},
	issn = {0006-291X},
	shorttitle = {Metal substitutions incarbonic anhydrase},
	language = {eng},
	number = {4},
	journal = {Biochemical and Biophysical Research Communications},
	author = {Smith, R. J. and Bryant, R. G.},
	month = oct,
	year = {1975},
	pmid = {3},
	keywords = {Animals, Binding Sites, Cadmium, Carbonic Anhydrases, Cattle, Humans, Hydrogen-Ion Concentration, Magnetic Resonance Spectroscopy, Mercury, Protein Binding, Protein Conformation, Zinc},
	pages = {1281--1286}
}

@article{makar_formate_1975-1,
	title = {Formate assay in body fluids: application in methanol poisoning},
	volume = {13},
	issn = {0006-2944},
	shorttitle = {Formate assay in body fluids},
	language = {eng},
	number = {2},
	journal = {Biochemical Medicine},
	author = {Makar, A. B. and McMartin, K. E. and Palese, M. and Tephly, T. R.},
	month = jun,
	year = {1975},
	pmid = {1},
	keywords = {Aldehyde Oxidoreductases, Animals, Body Fluids, Carbon Dioxide, Formates, Haplorhini, Humans, Hydrogen-Ion Concentration, Kinetics, Methanol, Methods, Pseudomonas},
	pages = {117--126}
}

@article{_viruses_1979,
	title = {Viruses, viroids, and infectious diseases},
	volume = {2},
	issn = {0140-6736},
	language = {eng},
	number = {8140},
	journal = {Lancet (London, England)},
	month = sep,
	year = {1979},
	pmid = {89508},
	keywords = {Plant Diseases, Plant Viruses},
	pages = {450--451}
}
@article{schollhammer_liver_1975,
	title = {Liver microsomal beta-glucuronidase and {UDP}-glucuronyltransferase},
	volume = {20},
	issn = {0013-9432},
	abstract = {Both UDP-glucuronyltransferase (GT) and beta-glucuronidase (betaG) were assayed in untreated liver microsomes. Optimum assay conditions were established with rat liver microsomes using p-nitrophenol (pNP) and its glucuronide (pNPGA) at the pH optima of GT (7.5) and betaG (4.5). The activities of the two enzymes were compared using microsomes from rats, mice, pigs, cattle and horses, with pNP, pNPGA, and phenolphthalein as substrate, in the presence of various cofactors and inhibitors at pH 7.5 and 4.5. These data disclose pronounced differences with respect to species, substrate and other experimental conditions, thereby precluding the establishment of general optimum conditions. The two enzymes were also assayed under strictly identical conditions using pNP and pNPGA and rat liver microsomes at pH 7.5 in the presence and absence of UDP-glucuronate disodium (UDPGA), activators (ATP;UDP-N-acetylglucosamine) and inhibitors. When provided with a functional level of UDPGA, both enzymes proved active under those conditions, and a conjugation-deconjugation interplay was indicated. The two processes could be selectively and totally inhibited by Zn2+ and saccharolactone. The results suggest that conjugation-deconjugation-reconjugation cycles may be operative in the metabolism of drugs in vivo, taking place already at the level of the liver endoplasmic reticulum.},
	language = {eng},
	number = {5},
	journal = {Enzyme},
	author = {Schöllhammer, I. and Poll, D. S. and Bickel, M. H.},
	year = {1975},
	pmid = {230},
	keywords = {Adenosine Triphosphate, Animals, Cations, Divalent, Cattle, Glucuronidase, Glucuronosyltransferase, Hexosyltransferases, Horses, Hydrogen-Ion Concentration, Kinetics, Lactones, Male, Mice, Microsomes, Liver, Rats, Species Specificity, Sugar Alcohols, Swine, Uridine Diphosphate N-Acetylglucosamine, Zinc},
	pages = {269--276}
}

@book{james_ambassadors_1996,
	address = {Köln [Germany]},
	title = {The ambassadors},
	isbn = {3895082309 9783895082306},
	abstract = {The Ambassadors, which Henry James considered his best work, is the most exquisite refinement of his favorite theme: the collision of American innocence with European experience. This time, the author recounts the continental journey of Louis Lambert Strether--a fifty-something man of the world who has been dispatched abroad by a rich widow, Mrs. Newsome. His mission: to save her son Chadwick from the clutches of a wicked (European) woman, and to convince the prodigal to return to Woollett, Massachusetts. Instead, this all-American envoy finds Europe growing on him.},
	language = {English},
	publisher = {Könemann},
	author = {James, Henry},
	year = {1996}
}

@book{james_ambassadors_1996-1,
	address = {Köln [Germany]},
	title = {The ambassadors},
	isbn = {3895082309 9783895082306},
	abstract = {The Ambassadors, which Henry James considered his best work, is the most exquisite refinement of his favorite theme: the collision of American innocence with European experience. This time, the author recounts the continental journey of Louis Lambert Strether--a fifty-something man of the world who has been dispatched abroad by a rich widow, Mrs. Newsome. His mission: to save her son Chadwick from the clutches of a wicked (European) woman, and to convince the prodigal to return to Woollett, Massachusetts. Instead, this all-American envoy finds Europe growing on him.},
	language = {English},
	publisher = {Könemann},
	author = {James, Henry},
	year = {1996}
}

@book{james_ambassadors_1996-2,
	address = {Köln [Germany]},
	title = {The ambassadors},
	isbn = {3895082309 9783895082306},
	abstract = {The Ambassadors, which Henry James considered his best work, is the most exquisite refinement of his favorite theme: the collision of American innocence with European experience. This time, the author recounts the continental journey of Louis Lambert Strether--a fifty-something man of the world who has been dispatched abroad by a rich widow, Mrs. Newsome. His mission: to save her son Chadwick from the clutches of a wicked (European) woman, and to convince the prodigal to return to Woollett, Massachusetts. Instead, this all-American envoy finds Europe growing on him.},
	language = {English},
	publisher = {Könemann},
	author = {James, Henry},
	year = {1996}
}

@book{gregorovius_lucrezia_1875,
	address = {Stuttgart},
	edition = {3., verb. u. verm. Aufl.},
	title = {Lucrezia {Borgia} : nach {Urkunden} und {Correspondenzen} ihrer eigenen {Zeit}},
	shorttitle = {Lucrezia {Borgia}},
	abstract = {[Band 2], Anhang der Documente zu Lucrezia Borgia},
	language = {ger},
	publisher = {Cotta},
	author = {Gregorovius, Ferdinand},
	year = {1875}
}

@book{welti_dolch_1958,
	address = {Zürich},
	title = {Der {Dolch} der {Lucretia} : {Roman}},
	shorttitle = {Der {Dolch} der {Lucretia}},
	language = {ger},
	publisher = {Artemis Verlag},
	author = {Welti, Albert Jakob},
	year = {1958}
}

@book{musil_lesebuch:_1991,
	address = {Reinbek bei Hamburg},
	edition = {1. Aufl},
	title = {Lesebuch: {Versuche}, einen anderen {Menschen} zu finden},
	isbn = {3498043420 3498043420},
	shorttitle = {Lesebuch},
	publisher = {Rowohlt},
	author = {Musil, Robert},
	editor = {Frisé, Adolf},
	year = {1991}
}

@article{peterson_educational_1975,
	title = {Educational programs for team delivery. {Interdisciplinary} education of health associates: {The} {Johns} {Hopkins} experience},
	volume = {50},
	issn = {0022-2577},
	shorttitle = {Educational programs for team delivery. {Interdisciplinary} education of health associates},
	language = {eng},
	number = {12 pt 2},
	journal = {Journal of Medical Education},
	author = {Peterson, M. L.},
	month = dec,
	year = {1975},
	pmid = {499},
	keywords = {Curriculum, Education, Medical, Family Practice, Maryland, Patient Care Team, Physician Assistants, Primary Health Care, United States},
	pages = {111--117}
}

@article{makar_formate_1975,
	title = {Formate assay in body fluids: application in methanol poisoning},
	volume = {13},
	issn = {0006-2944},
	shorttitle = {Formate assay in body fluids},
	language = {eng},
	number = {2},
	journal = {Biochemical Medicine},
	author = {Makar, A. B. and McMartin, K. E. and Palese, M. and Tephly, T. R.},
	month = jun,
	year = {1975},
	pmid = {1},
	keywords = {Aldehyde Oxidoreductases, Animals, Body Fluids, Carbon Dioxide, Formates, Haplorhini, Humans, Hydrogen-Ion Concentration, Kinetics, Methanol, Methods, Pseudomonas},
	pages = {117--126}
}

@article{lewis_gene_1978,
	title = {A gene complex controlling segmentation in {Drosophila}},
	volume = {276},
	issn = {0028-0836},
	abstract = {The bithorax gene complex in Drosophila contains a minimum of eight genes that seem to code for substances controlling levels of thoracic and abdominal development. The state of repression of at least four of these genes is controlled by cis-regulatory elements and a separate locus (Polycomb) seems to code for a repressor of the complex. The wild-type and mutant segmentation patterns are consistent with an antero-posterior gradient in repressor concentration along the embryo and a proximo-distal gradient along the chromosome in the affinities for repressor of each gene's cis-regulatory element.},
	language = {eng},
	number = {5688},
	journal = {Nature},
	author = {Lewis, E. B.},
	month = dec,
	year = {1978},
	pmid = {103000},
	keywords = {Abdomen, Animals, Chromosome Mapping, Drosophila melanogaster, Genes, Regulator, Mutation, Thorax},
	pages = {565--570}
}

@article{smith_metal_1975,
	title = {Metal substitutions incarbonic anhydrase: a halide ion probe study},
	volume = {66},
	issn = {0006-291X},
	shorttitle = {Metal substitutions incarbonic anhydrase},
	language = {eng},
	number = {4},
	journal = {Biochemical and Biophysical Research Communications},
	author = {Smith, R. J. and Bryant, R. G.},
	month = oct,
	year = {1975},
	pmid = {3},
	keywords = {Animals, Binding Sites, Cadmium, Carbonic Anhydrases, Cattle, Humans, Hydrogen-Ion Concentration, Magnetic Resonance Spectroscopy, Mercury, Protein Binding, Protein Conformation, Zinc},
	pages = {1281--1286}
}

@book{musil_mann_1981,
	address = {Reinbek bei Hamburg},
	edition = {Neu durchgesehene und verb. Aufl},
	title = {Der {Mann} ohne {Eigenschaften}: {Roman}},
	volume = {2},
	isbn = {3498092855},
	shorttitle = {Der {Mann} ohne {Eigenschaften}},
	publisher = {Rowohlt},
	author = {Musil, Robert},
	editor = {Frisé, Adolf},
	year = {1981}
}

@book{musil_mann_1981-1,
	address = {Reinbek bei Hamburg},
	edition = {Neu durchgesehene und verb. Aufl},
	title = {Der {Mann} ohne {Eigenschaften}: {Roman}},
	volume = {1},
	isbn = {3498092855},
	shorttitle = {Der {Mann} ohne {Eigenschaften}},
	publisher = {Rowohlt},
	author = {Musil, Robert},
	editor = {Frisé, Adolf},
	year = {1981}
}

@book{berger_mann_????,
	address = {Frankfurt am Main},
	title = {Der {Mann} ohne {Eigenschaften}},
	isbn = {3861506521 9783861506522},
	language = {German},
	publisher = {Zweitausendeins},
	author = {Musil, Robert},
	collaborator = {Berger, Wolfram and Drawe, Hans}
}

@book{mann_meistererzahlungen_1945,
	address = {Zürich},
	series = {Manesse {Bibliothek} der {Weltliteratur}},
	title = {Meistererzählungen},
	isbn = {3717512625},
	publisher = {Manesse Verl},
	author = {Mann, Thomas},
	year = {1945}
}

@book{mann_tonio_2014,
	address = {Frankfurt am Main},
	edition = {48. Aufl},
	series = {Fischer taschenbuch},
	title = {Tonio {Kröger} und {Mario} und der {Zauberer}: ein tragisches {Reiseerlebnis}},
	isbn = {3596213819 9783596213818},
	shorttitle = {Tonio {Kröger} und {Mario} und der {Zauberer}},
	language = {ger},
	number = {1381},
	publisher = {Fischer},
	author = {Mann, Thomas},
	year = {2014}
}

@book{mann_buddenbrooks_1953,
	address = {Frankfurt am Main [u.a.]},
	edition = {Lizenzausgabe ; ungekürzte Sonderausgabe},
	series = {Die grossen {Romane} der {Zeit}},
	title = {Buddenbrooks : {Verfall} einer {Familie}},
	shorttitle = {Buddenbrooks},
	publisher = {G. B. Fischer},
	author = {Mann, Thomas},
	year = {1953}
}

@book{mann_wallenstein:_1997,
	address = {Frankfurt am Main},
	edition = {7. Aufl},
	title = {Wallenstein: sein {Leben}},
	isbn = {3103479042 3103479042},
	shorttitle = {Wallenstein},
	language = {ger},
	publisher = {Fischer},
	author = {Mann, Golo},
	year = {1997}
}

@book{mann_hass:_2013,
	address = {Frankfurt},
	series = {Fischer},
	title = {Der {Hass}: deutsche {Zeitgeschichte}},
	isbn = {9783596259243},
	shorttitle = {Der {Hass}},
	number = {5924},
	publisher = {Fischer Taschenbuchverlag},
	author = {Mann, Heinrich},
	year = {2013}
}

@article{chiou_further_1975,
	title = {Further studies on the pharmacology of a false cholinergic transmitter, (2-hydroxyethyl) methyldiethylammonium (diethylcholine)},
	volume = {17},
	issn = {0024-3205},
	language = {eng},
	number = {6},
	journal = {Life Sciences},
	author = {Chiou, C. Y.},
	month = sep,
	year = {1975},
	pmid = {569},
	keywords = {Animals, Anura, Cats, Choline, Depression, Chemical, Dogs, Dose-Response Relationship, Drug, Ganglionic Blockers, In Vitro Techniques, Neuroeffector Junction, Neuromuscular Junction, Parasympathetic Nervous System, Parasympatholytics, Synaptic Transmission},
	pages = {907--913}
}

@article{smith_metal_1975-1,
	title = {Metal substitutions incarbonic anhydrase: a halide ion probe study},
	volume = {66},
	issn = {0006-291X},
	shorttitle = {Metal substitutions incarbonic anhydrase},
	language = {eng},
	number = {4},
	journal = {Biochemical and Biophysical Research Communications},
	author = {Smith, R. J. and Bryant, R. G.},
	month = oct,
	year = {1975},
	pmid = {3},
	keywords = {Animals, Binding Sites, Cadmium, Carbonic Anhydrases, Cattle, Humans, Hydrogen-Ion Concentration, Magnetic Resonance Spectroscopy, Mercury, Protein Binding, Protein Conformation, Zinc},
	pages = {1281--1286}
}

@book{mann_untertan:_1982,
	address = {Berlin},
	edition = {Ungekürzte Ausg., 24. Aufl., 511. bis 540. Tausend},
	title = {Der {Untertan}: {Roman}},
	isbn = {3423002565},
	shorttitle = {Der {Untertan}},
	publisher = {Aufbau-Verlag},
	author = {Mann, Heinrich},
	year = {1982}
}

@book{mann_doktor_2008,
	address = {Frankfurt am Main},
	edition = {37. Aufl},
	series = {Fischer},
	title = {Doktor {Faustus}: das {Leben} des deutschen {Tonsetzers} {Adrian} {Leverkühn} erzählt von einem {Freunde}},
	isbn = {3596294282 9783596294282},
	shorttitle = {Doktor {Faustus}},
	language = {ger},
	number = {9428},
	publisher = {Fischer-Taschenbuch-Verl},
	author = {Mann, Thomas},
	year = {2008},
	keywords = {Belletristische Darstellung, Deutschland, Geschichte 1885-1941, Komponist, Teufelspakt}
}

@book{mann_bekenntnisse_2011,
	address = {Frankfurt am Main},
	edition = {51. Aufl., Lizenzausg},
	series = {Fischer},
	title = {Bekenntnisse des {Hochstaplers} {Felix} {Krull}: der {Memoiren} erster {Teil}},
	isbn = {3596294290 9783596294299},
	shorttitle = {Bekenntnisse des {Hochstaplers} {Felix} {Krull}},
	language = {ger},
	number = {9429},
	publisher = {Fischer-Taschenbuch-Verl},
	author = {Mann, Thomas},
	year = {2011},
	keywords = {Belletristische Darstellung, Deutschland, Geschichte 1910, Hochstapler}
}

@book{mann_zauberberg:_2002,
	address = {Frankfurt am Main},
	edition = {Ungekürzte Ausg., 15. Aufl},
	series = {Fischer-{Taschenbücher}},
	title = {Der {Zauberberg}: {Roman}},
	isbn = {3596294339 3596294339},
	shorttitle = {Der {Zauberberg}},
	abstract = {Ein epochaler Roman, ein Roman, der aufs Ganze geht und es wagt, die eigene Zeit in Gedanken und große epische Zusammenhänge zu fassen was heute vor allem von amerikanischen Autoren wie Richard Powers oder Philip Roth geleistet wird, haben die Autoren der Klassischen Moderne schon längst vorher durchgespielt. Wie klug und vergnüglich diese Autoren erzählen konnten, sieht man am Vorbild aller Epochen-Romane: an Thomas Manns berühmtem Zauberberg, in dem ein Davoser Lungensanatorium zur großen Weltbühne wird. Nobelpreisträger für Literatur 1929 - Der 24-jährige Hamburger Patriziersohn Hans Castorp reist vor Antritt seiner Ingenieursausbildung zu Besuch seines lungenkranken Vetters in das Sanatorium Bergfried im schweizerischen Davos. Aus den geplanten drei Wochen Aufenthalt werden sieben Jahre. In der gewissermassen zeitentrückten, atmosphärisch von Krankheit und Tod geprägten Berg- bzw. Sanatoriumswelt erweist sich der einfache junge Mensch als leicht empfänglich für die sinnlichen und geistigen Einflüsse und die von den einzelnen Romanpersonen vertretenen weltanschaulichen Positionen. Hierbei stehen die verführerische Russin Clawdia Chauchat, der Zivilisationsliterat Settembrini, der fanatische Jesuitenschüler Naphta sowie die später auftretende grosse Persönlichkeit des Mynheer Peeperkorn sich in wechselnden Konstellationen als aufeinander bezogene Antipoden gegenüber, die gewissermassen um die Seele des Helden kämpfen. Während der Vetter Joachim nach seiner verfrühten Abreise zurückkehrt und an seiner Krankheit stirbt (als Soldat und brav), findet Hans Castorps Aufenthalt und damit der Roman sein abruptes Ende in dem ausbrechenden Weltkrieg, in dem sich die Spur des Helden verliert},
	language = {ger},
	number = {09433},
	publisher = {Fischer-Taschenbuch-Verl},
	author = {Mann, Thomas},
	year = {2002}
}

@book{zweig_schachnovelle_2007,
	address = {Frankfurt am Main},
	edition = {57. Aufl., ungekürzte Ausg},
	series = {Fischer-{Taschenbücher}},
	title = {Schachnovelle},
	isbn = {3596215226 9783596215225},
	language = {ger},
	number = {1522},
	publisher = {Fischer},
	author = {Zweig, Stefan},
	year = {2007},
	keywords = {Belletristische Darstellung, German language Readers, Novelle, Schach}
}

@book{wolf_medea:_2006,
	address = {München},
	edition = {11. Aufl., ungekürzte Ausg},
	series = {dtv},
	title = {Medea: {Stimmen} ; {Roman}},
	isbn = {342312444X 342312444X 9783423124447},
	shorttitle = {Medea},
	language = {ger},
	number = {12444},
	publisher = {Dt. Taschenbuch-Verl},
	author = {Wolf, Christa},
	year = {2006},
	keywords = {Belletristische Darstellung, Medea, Medea (Greek mythology) Fiction}
}

@book{wolf_voraussetzungen_1998,
	address = {München},
	edition = {2., autoris. Aufl},
	series = {dtv},
	title = {Voraussetzungen einer {Erzählung}: {Kassandra}: {Frankfurter} {Poetik}-{Vorlesungen}},
	isbn = {3423118717 3423118717},
	shorttitle = {Voraussetzungen einer {Erzählung}},
	language = {ger},
	number = {11871},
	publisher = {Dt. Taschenbuch Verl},
	author = {Wolf, Christa},
	year = {1998},
	keywords = {Wolf}
}

@book{wolf_kassandra:_1983,
	address = {Darmstadt},
	title = {Kassandra: {Erzählung}},
	isbn = {3472865741},
	shorttitle = {Kassandra},
	publisher = {Luchterhand},
	author = {Wolf, Christa},
	year = {1983}
}

@book{zweig_mondscheingasse:_1989,
	address = {Frankfurt am Main},
	edition = {Einmalige Sonderausg},
	series = {Fischer-{Taschenbücher}},
	title = {Die {Mondscheingasse}: gesammelte {Erzählungen}},
	isbn = {3596295181 3596295181},
	shorttitle = {Die {Mondscheingasse}},
	number = {Bd. 9518},
	publisher = {Fischer-Taschenbuch-Verl},
	author = {Zweig, Stefan},
	year = {1989}
}

@book{seghers_ausflug_1988,
	address = {Darmstadt},
	edition = {9. Aufl},
	series = {Sammlung {Luchterhand}},
	title = {Der {Ausflug} der toten {Mädchen}: {Erzählungen}},
	isbn = {3630612881 3630612881},
	shorttitle = {Der {Ausflug} der toten {Mädchen}},
	number = {288},
	publisher = {Luchterhand-Literaturverl},
	author = {Seghers, Anna},
	year = {1988}
}

@book{storm_gedichte_1983,
	address = {Frankfurt am Main},
	edition = {1. Aufl},
	series = {Insel {Taschenbuch}},
	title = {Gedichte},
	isbn = {3458324313},
	number = {731},
	publisher = {Insel},
	author = {Storm, Theodor},
	year = {1983}
}

@book{sacher-masoch_venus_2004,
	address = {Frankfurt am Main},
	edition = {1. Aufl., [Nachdr.]},
	series = {Insel-{Taschenbuch}},
	title = {Venus im {Pelz}},
	isbn = {3458321691 3458321691},
	language = {ger},
	number = {469},
	publisher = {Insel},
	author = {Sacher-Masoch, Leopold von},
	year = {2004},
	keywords = {Belletristische Darstellung, Masochismus, Sacher-Masoch}
}

@book{suskind_kontrabass_1997,
	address = {Zürich},
	title = {Der {Kontrabass}},
	isbn = {3257230001 9783257230000 3257016581 9783257016581 3257229232 9783257229233},
	language = {German},
	publisher = {Diogenes},
	author = {Süskind, Patrick},
	year = {1997}
}

@book{schirach_schuld:_2010,
	address = {München},
	title = {Schuld: {Stories}},
	isbn = {9783492054225 3492054226},
	shorttitle = {Schuld},
	publisher = {Piper},
	author = {Schirach, Ferdinand von},
	year = {2010},
	keywords = {Guilt, Innocence (Psychology), Responsibility}
}

@book{schirach_verbrechen:_2009,
	address = {München},
	edition = {4. Aufl},
	title = {Verbrechen: {Stories}},
	isbn = {9783492053624 3492053629},
	shorttitle = {Verbrechen},
	abstract = {Short stories based on cases Schirach has seen during his career as a criminal attorney},
	publisher = {Piper},
	author = {Schirach, Ferdinand von},
	year = {2009},
	keywords = {Crime, Germany, Trials}
}

@book{rilke_fruhe_2003,
	address = {Frankfurt am Main},
	edition = {7. Aufl.},
	series = {Insel-{Taschenbuch}},
	title = {Frühe {Gedichte}},
	isbn = {3458325786 3458325786},
	language = {ger},
	number = {878},
	publisher = {Insel-Verl},
	author = {Rilke, Rainer Maria},
	year = {2003}
}

@book{roth_kapuzinergruft:_1987,
	address = {Köln},
	series = {{KiWi}},
	title = {Die {Kapuzinergruft}: {Roman}},
	isbn = {3462018280 3462018280},
	shorttitle = {Die {Kapuzinergruft}},
	language = {ger},
	number = {125},
	publisher = {Kiepenheuer und Witsch},
	author = {Roth, Joseph},
	year = {1987}
}

@book{roth_radetzkymarsch:_1989,
	address = {Köln},
	series = {{KiWi}},
	title = {Radetzkymarsch: {Roman}},
	isbn = {3462019813 3462019813},
	shorttitle = {Radetzkymarsch},
	abstract = {Der Niedergang Habsburgs in der Ära Franz Josephs, dargestellt am Schicksal dreier Offiziersgenerationen slovenischer Herkunft. --- SW: Politischer Roman},
	language = {ger},
	number = {190},
	publisher = {Kiepenheuer \& Witsch},
	author = {Roth, Joseph},
	year = {1989},
	keywords = {Politischer Roman}
}

@book{schwanitz_bildung:_2002,
	address = {München},
	edition = {11. Aufl., vollst. Taschenbuchausg},
	title = {Bildung: alles, was man wissen muß},
	isbn = {9783442151479 3442151473},
	shorttitle = {Bildung},
	language = {ger},
	publisher = {Goldmann},
	author = {Schwanitz, Dietrich},
	year = {2002},
	keywords = {6.1a;5.1a;4.7, Allgemeinwissen, Bildung, Civilization, Western History, Civilization, Western History Outlines, syllabi, etc, Education Germany, Kanon, Kultur, Wissen}
}

@book{remarque_im_1957,
	address = {Köln Berlin},
	edition = {[Neuausg.].},
	title = {Im {Westen} nichts {Neues} : {Roman}},
	shorttitle = {Im {Westen} nichts {Neues}},
	publisher = {Kiepenheuer \& Witsch},
	author = {Remarque, Erich Maria},
	year = {1957}
}

@misc{scott_g.i._1997,
	type = {Action, {Drama}},
	title = {G.{I}. {Jane}},
	abstract = {A female Senator succeeds in enrolling a woman into Combined Reconnaissance Team training where everyone expects her to fail.},
	author = {Scott, Ridley},
	collaborator = {(story), Danielle Alexandra and (screenplay), David Twohy and (screenplay), Danielle Alexandra and Moore, Demi and Mortensen, Viggo and Bancroft, Anne and Beghe, Jason},
	month = aug,
	year = {1997},
	note = {IMDB ID: tt0119173
IMDB Rating: 5.8 (56594 votes)}
}

@misc{miyazaki_nausicaa_1984,
	type = {Animation, {Adventure}, {Fantasy}},
	title = {Nausicaä of the {Valley} of the {Wind}},
	abstract = {Warrior/pacifist Princess Nausicaä desperately struggles to prevent two warring nations from destroying themselves and their dying planet.},
	author = {Miyazaki, Hayao},
	collaborator = {(comic), Hayao Miyazaki and (screenplay), Hayao Miyazaki and version), David Schmoeller (english and Shimamoto, Sumi and Tsujimura, Mahito and Kyôda, Hisako and Naya, Gorô},
	month = mar,
	year = {1984},
	note = {IMDB ID: tt0087544
IMDB Rating: 8.1 (79454 votes)}
}

@misc{berri_manon_1987,
	type = {Drama},
	title = {Manon of the {Spring}},
	abstract = {A beautiful but shy shepherdess plots vengeance on the men whose greedy conspiracy to acquire her father's land caused his death years earlier.},
	author = {Berri, Claude},
	collaborator = {(adaptation), Claude Berri and (adaptation), Gérard Brach and (novel), Marcel Pagnol and Montand, Yves and Auteuil, Daniel and Béart, Emmanuelle and Girardot, Hippolyte},
	month = dec,
	year = {1987},
	note = {IMDB ID: tt0091480
IMDB Rating: 8.1 (15465 votes)}
}

@misc{berri_jean_1987,
	type = {Drama},
	title = {Jean de {Florette}},
	abstract = {A greedy landowner and his backward nephew conspire to block the only water source for an adjoining property in order to bankrupt the owner and force him to sell.},
	author = {Berri, Claude},
	collaborator = {(adaptation), Claude Berri and (adaptation), Gérard Brach and (novel), Marcel Pagnol and Montand, Yves and Depardieu, Gérard and Auteuil, Daniel and Depardieu, Elisabeth},
	month = aug,
	year = {1987},
	note = {IMDB ID: tt0091288
IMDB Rating: 8.1 (18331 votes)}
}

@misc{miike_sarariiman_1999,
	type = {N/{A}},
	title = {Sarariiman {Kintarô}},
	abstract = {A good-hearted former gangster tries to secure a normal life for his son by working white collar jobs but keeps finding his old talents in need for the everyday world.},
	author = {Miike, Takashi},
	collaborator = {(screenplay), Naoko Harada and (comic), Hiroshi Motomiya and (screenplay), Kenji Nakazono and Takahashi, Katsunori and Enomoto, Kanako and Hada, Michiko and Hosaka, Naoki},
	month = nov,
	year = {1999},
	note = {IMDB ID: tt0304664
IMDB Rating: 5.9 (279 votes)}
}

@misc{miike_full_1997,
	type = {Comedy, {Crime}, {Sci}-{Fi}},
	title = {Full {Metal} {Yakuza}},
	abstract = {An inexperienced gangster is killed alongside his strong, respected boss and awakens to find a mad scientist has given him a new body made partly of his boss and partly of indestructible bionics.},
	author = {Miike, Takashi},
	collaborator = {(screenplay), Itaru Era and (story), Hiroki Yamaguchi and Ujiki, Tsuyoshi and Taguchi, Tomorowo and Caesar, Takeshi and Kitamura, Kazuki},
	month = dec,
	year = {1997},
	note = {IMDB ID: tt0299910
IMDB Rating: 6.0 (1415 votes)}
}

@misc{miike_blues_1998,
	type = {Crime, {Drama}, {Music}},
	title = {Blues {Harp}},
	abstract = {Ambitious yakuza Kenji befriends harmonica-playing bartender Chuji, who moonlights as a part-time drug-dealer for the opposing gang. Their friendship is threatened by Kenji's plans for ...},
	author = {Miike, Takashi},
	collaborator = {(screenplay), Toshihiko Matsuo and (screenplay), Toshiyuki Morioka and Ikeuchi, Hiroyuki and Tanabe, Seiichi and Sekino, Saori and Curtis, Mickey},
	month = jul,
	year = {1998},
	note = {IMDB ID: tt0303780
IMDB Rating: 7.3 (794 votes)}
}

@misc{lee_crouching_2001,
	type = {Action, {Drama}, {Romance}},
	title = {Crouching {Tiger}, {Hidden} {Dragon}},
	abstract = {Two warriors in pursuit of a stolen sword and a notorious fugitive are led to an impetuous, physically skilled, adolescent nobleman's daughter, who is at a crossroads in her life.},
	author = {Lee, Ang},
	collaborator = {(book), Du Lu Wang and (screenplay), Hui-Ling Wang and (screenplay), James Schamus and (screenplay), Kuo Jung Tsai and Chow, Yun-Fat and Yeoh, Michelle and Zhang, Ziyi and Chang, Chen},
	month = jan,
	year = {2001},
	note = {IMDB ID: tt0190332
IMDB Rating: 7.9 (203483 votes)}
}

@misc{burton_alice_2010,
	type = {Adventure, {Family}, {Fantasy}},
	title = {Alice in {Wonderland}},
	abstract = {Nineteen-year-old Alice returns to the magical world from her childhood adventure, where she reunites with her old friends and learns of her true destiny: to end the Red Queen's reign of terror.},
	author = {Burton, Tim},
	collaborator = {(screenplay), Linda Woolverton and (books), Lewis Carroll and Depp, Johnny and Wasikowska, Mia and Carter, Helena Bonham and Hathaway, Anne},
	month = mar,
	year = {2010},
	note = {IMDB ID: tt1014759
IMDB Rating: 6.5 (270401 votes)}
}

@misc{yu_fearless_2006,
	type = {Action, {Biography}, {Drama}},
	title = {Fearless},
	abstract = {A biography of Chinese Martial Arts Master Huo Yuanjia, who is the founder and spiritual guru of the Jin Wu Sports Federation.},
	author = {Yu, Ronny},
	collaborator = {Chow, Chris and version), Richard Epcar (dubbed and To, Chi-long and Li, Jet and Sun, Li and Dong, Yong and Qu, Yun},
	month = sep,
	year = {2006},
	note = {IMDB ID: tt0446059
IMDB Rating: 7.7 (58085 votes)}
}

@misc{conran_sky_2004,
	type = {Action, {Adventure}, {Mystery}},
	title = {Sky {Captain} and the {World} of {Tomorrow}},
	abstract = {After New York City receives a series of attacks from giant flying robots, a reporter teams up with a pilot in search of their origin, as well as the reason for the disappearances of famous scientists around the world.},
	author = {Conran, Kerry},
	collaborator = {Conran, Kerry and Paltrow, Gwyneth and Law, Jude and Ribisi, Giovanni and Gambon, Michael},
	month = sep,
	year = {2004},
	note = {IMDB ID: tt0346156
IMDB Rating: 6.1 (69319 votes)}
}

@misc{weir_master_2003,
	type = {Action, {Adventure}, {Drama}},
	title = {Master and {Commander}: {The} {Far} {Side} of the {World}},
	shorttitle = {Master and {Commander}},
	abstract = {During the Napoleonic Wars, a brash British captain pushes his ship and crew to their limits in pursuit of a formidable French war vessel around South America.},
	author = {Weir, Peter},
	collaborator = {(novels), Patrick O'Brian and (screenplay), Peter Weir and (screenplay), John Collee and Crowe, Russell and Bettany, Paul and D'Arcy, James and Woodall, Edward},
	month = nov,
	year = {2003},
	note = {IMDB ID: tt0311113
IMDB Rating: 7.4 (157027 votes)}
}

@misc{damiani_genius_1975,
	type = {Comedy, {Western}},
	title = {A {Genius}, {Two} {Friends}, and an {Idiot}},
	abstract = {Three rogues set out to rob \$300,000 from an Indian-hating cavalry major.},
	author = {Damiani, Damiano and Leone, Sergio},
	collaborator = {(screenplay), Damiano Damiani and (screenplay), Ernesto Gastaldi and (story), Ernesto Gastaldi and (screenplay), Fulvio Morsella and (story), Fulvio Morsella and Hill, Terence and Miou-Miou and Charlebois, Robert and McGoohan, Patrick},
	month = dec,
	year = {1975},
	note = {IMDB ID: tt0073036
IMDB Rating: 6.4 (3412 votes)}
}

@misc{howard_beautiful_2002,
	type = {Biography, {Drama}},
	title = {A {Beautiful} {Mind}},
	abstract = {After a brilliant but asocial mathematician, John Nash, accepts secret work in cryptography, his life takes a turn for the nightmarish.},
	author = {Howard, Ron},
	collaborator = {Goldsman, Akiva and (book), Sylvia Nasar and Crowe, Russell and Harris, Ed and Connelly, Jennifer and Plummer, Christopher},
	month = jan,
	year = {2002},
	note = {IMDB ID: tt0268978
IMDB Rating: 8.2 (515497 votes)}
}

@misc{mulligan_kill_1963,
	type = {Drama},
	title = {To {Kill} a {Mockingbird}},
	abstract = {Atticus Finch, a lawyer in the Depression-era South, defends a black man against an undeserved rape charge, and his kids against prejudice.},
	author = {Mulligan, Robert},
	collaborator = {Mockingbird"), Harper Lee (based on her novel "To Kill a and (screenplay), Horton Foote and Peck, Gregory and Megna, John and Overton, Frank and Murphy, Rosemary},
	month = mar,
	year = {1963},
	note = {IMDB ID: tt0056592
IMDB Rating: 8.4 (185967 votes)}
}

@misc{eastwood_gran_2009,
	type = {Drama},
	title = {Gran {Torino}},
	abstract = {Disgruntled Korean War veteran Walt Kowalski sets out to reform his neighbor, a Hmong teenager who tried to steal Kowalski's prized possession: a 1972 Gran Torino.},
	author = {Eastwood, Clint},
	collaborator = {(screenplay), Nick Schenk and (story), Dave Johannson and (story), Nick Schenk and Eastwood, Clint and Carley, Christopher and Vang, Bee and Her, Ahney},
	month = jan,
	year = {2009},
	note = {IMDB ID: tt1205489
IMDB Rating: 8.2 (494484 votes)}
}

@misc{attenborough_bridge_1977,
	type = {Drama, {History}, {War}},
	title = {A {Bridge} {Too} {Far}},
	abstract = {A historical telling of the failed attempt to capture several bridges on a road to Germany in World War II, in a campaign called Operation Market-Garden.},
	author = {Attenborough, Richard},
	collaborator = {(book), Cornelius Ryan and (screenplay), William Goldman and Vroom, Siem and Alcmaer, Marlies van and Wout, Erik van 't and Preiss, Wolfgang},
	month = jun,
	year = {1977},
	note = {IMDB ID: tt0075784
IMDB Rating: 7.4 (37168 votes)}
}

@misc{scott_kingdom_2005,
	type = {Action, {Adventure}, {Drama}},
	title = {Kingdom of {Heaven}},
	abstract = {Balian of Ibelin travels to Jerusalem during the crusades of the 12th century, and there he finds himself as the defender of the city and its people.},
	author = {Scott, Ridley},
	collaborator = {Monahan, William and Hancock, Martin and Sheen, Michael and Cox, Nathalie and Ebouaney, Eriq},
	month = may,
	year = {2005},
	note = {IMDB ID: tt0320661
IMDB Rating: 7.2 (196640 votes)}
}

@misc{chamberlain_shogun_1980,
	type = {Adventure, {Drama}, {History}},
	title = {Shogun},
	abstract = {A English navigator becomes both a player and pawn in the complex political games in feudal Japan.},
	collaborator = {Chamberlain, Richard and Mifune, Toshirô and Shimada, Yôko},
	month = sep,
	year = {1980},
	note = {IMDB ID: tt0080274
IMDB Rating: 8.1 (8,420 votes)}
}

@misc{levinson_wag_1998,
	type = {Comedy, {Drama}},
	title = {Wag the {Dog}},
	abstract = {Shortly before an election, a spin-doctor and a Hollywood producer join efforts to fabricate a war in order to cover up a presidential sex scandal.},
	author = {Levinson, Barry},
	collaborator = {(book), Larry Beinhart and (screenplay), Hilary Henkin and (screenplay), David Mamet and Hoffman, Dustin and Niro, Robert De and Heche, Anne and Leary, Denis},
	month = jan,
	year = {1998},
	note = {IMDB ID: tt0120885
IMDB Rating: 7.1 (63993 votes)}
}

@book{mathis_basiswissen_2013,
	address = {Zürich},
	title = {Basiswissen {RECHT} {Ein} praxisorientierter {Leitfaden}. {Kleiner} {Merkur}},
	isbn = {9783725568383 3725568383 9783725568796 3725568790},
	language = {German},
	publisher = {Schulthess Juristische Medien},
	author = {Mathis, Klaus and Meyer, Conrad},
	year = {2013}
}

@book{_managementlehre_????,
	title = {Managementlehre}
}

@book{hrsg._von_rolf_dubs_..._[et_al.]._einfuhrung_2004,
	address = {Bern [etc.]},
	edition = {2. Aufl.},
	title = {Einführung in die {Managemenetlehre}},
	volume = {5},
	isbn = {9783258069999},
	language = {ger},
	publisher = {Haupt},
	author = {{hrsg. von Rolf Dubs ... [et al.].}},
	year = {2004}
}

@book{hrsg._von_rolf_dubs_..._[et_al.]._einfuhrung_2004-1,
	address = {Bern [etc.]},
	edition = {2. Aufl.},
	title = {Einführung in die {Managemenetlehre}},
	volume = {4},
	isbn = {9783258069999},
	language = {ger},
	publisher = {Haupt},
	author = {{hrsg. von Rolf Dubs ... [et al.].}},
	year = {2004}
}

@book{hrsg._von_rolf_dubs_..._[et_al.]._einfuhrung_2004-2,
	address = {Bern [etc.]},
	edition = {2. Aufl.},
	title = {Einführung in die {Managemenetlehre}},
	volume = {3},
	isbn = {9783258069999},
	language = {ger},
	publisher = {Haupt},
	author = {{hrsg. von Rolf Dubs ... [et al.].}},
	year = {2004}
}

@book{hrsg._von_rolf_dubs_..._[et_al.]._einfuhrung_2004-3,
	address = {Bern [etc.]},
	edition = {2. Aufl.},
	title = {Einführung in die {Managemenetlehre}},
	volume = {2},
	isbn = {9783258069999},
	language = {ger},
	publisher = {Haupt},
	author = {{hrsg. von Rolf Dubs ... [et al.].}},
	year = {2004}
}
@book{hrsg._von_rolf_dubs_..._[et_al.]._einfuhrung_2004,
	address = {Bern [etc.]},
	edition = {2. Aufl.},
	title = {Einführung in die {Managemenetlehre}},
	volume = {1},
	isbn = {9783258069999},
	language = {ger},
	publisher = {Haupt},
	author = {{hrsg. von Rolf Dubs ... [et al.].}},
	year = {2004}
}

@book{verf._von_ursula_hermann._vollig_neu_bearb._und_erw._von_lutz_gotze_mit_enem_geleitw._von_klaus_heller._neue_1996,
	address = {Gütersloh},
	edition = {Neue durchges. Ausg.},
	title = {Die neue deutsche {Rechtschreibung}},
	isbn = {9783577106252},
	language = {und},
	publisher = {Bertelsmann},
	author = {{verf. von Ursula Hermann. Völlig neu bearb. und erw. von Lutz Götze mit enem Geleitw. von Klaus Heller.}},
	year = {1996},
	lccn = {97115253}
}

@book{von_eduard_bornemann._unter_mitw._von_ernst_risch._griechische_1978,
	address = {Frankfurt am Main},
	edition = {2. Aufl.},
	title = {Griechische {Grammatik}},
	isbn = {9783425068503},
	language = {ger},
	publisher = {Diesterweg},
	author = {{von Eduard Bornemann. Unter Mitw. von Ernst Risch.}},
	year = {1978}
}

@book{hans_rubenbauer;_j._b._hofmann._neubearb._von_r._heine._lateinische_1984,
	address = {Bamberg [u.a.]},
	edition = {10. Aufl., [3. Dr.]},
	title = {Lateinische {Grammatik}},
	isbn = {9783766156273},
	language = {ger},
	publisher = {Buchners [u.a.]},
	author = {{Hans Rubenbauer; J. B. Hofmann. Neubearb. von R. Heine.}},
	year = {1984}
}

@book{capaul_betriebswirtschaft_2013,
	address = {Berlin},
	edition = {2., Aufl},
	title = {Betriebswirtschaft verstehen: das {St}. {Galler} {Management}-{Modell}},
	isbn = {9783060282333 3060282331 9783060282333},
	shorttitle = {Betriebswirtschaft verstehen},
	language = {ger},
	publisher = {Sauerländer Cornelsen},
	author = {Capaul, Roman and Steingruber, Daniel},
	year = {2013}
}

@misc{reiner_few_1992,
	type = {Drama, {Thriller}},
	title = {A {Few} {Good} {Men}},
	abstract = {Neo military lawyer Kaffee defends Marines accused of murder; they contend they were acting under orders.},
	author = {Reiner, Rob},
	collaborator = {(play), Aaron Sorkin and (screenplay), Aaron Sorkin and Cruise, Tom and Nicholson, Jack and Moore, Demi and Bacon, Kevin},
	month = dec,
	year = {1992},
	note = {IMDB ID: tt0104257
IMDB Rating: 7.6 (166120 votes)}
}

@book{verf._von_ursula_hermann._vollig_neu_bearb._und_erw._von_lutz_gotze_mit_enem_geleitw._von_klaus_heller._neue_1996-1,
	address = {Gütersloh},
	edition = {Neue durchges. Ausg.},
	title = {Die neue deutsche {Rechtschreibung}},
	isbn = {9783577106252},
	language = {und},
	publisher = {Bertelsmann},
	author = {{verf. von Ursula Hermann. Völlig neu bearb. und erw. von Lutz Götze mit enem Geleitw. von Klaus Heller.}},
	year = {1996},
	lccn = {97115253}
}

@book{philip_kotler_friedhelm_bliemel._marketing-management_2006,
	address = {München [etc.]},
	edition = {10., überarb. und aktualisierte Aufl.},
	title = {Marketing-{Management} : {Analyse}, {Planung} und {Verwirklichung}},
	isbn = {9783827372048},
	language = {ger},
	publisher = {Pearson Studium},
	author = {{Philip Kotler, Friedhelm Bliemel.}},
	year = {2006}
}

@book{klein_franzosische_1988,
	address = {Stuttgart},
	edition = {1. Aufl., 9. Dr},
	title = {Französische {Grundgrammatik}: für {Schule} und {Weiterbildung}},
	isbn = {978-3-12-521700-3},
	shorttitle = {Französische {Grundgrammatik}},
	language = {ger fre},
	publisher = {Klett},
	author = {Klein, Hans-Wilhelm and Kleineidam, Hartmut},
	year = {1988}
}

@book{bayer_lateinische_2005,
	address = {Bamberg},
	edition = {2. Aufl},
	title = {Lateinische {Grammatik}: auf der {Grundlage} der {Lateinischen} {Schulgrammatik} von {Landgraf}-{Leitschuh}},
	isbn = {978-3-7661-5635-8 978-3-87488-645-1 978-3-486-87372-6},
	shorttitle = {Lateinische {Grammatik}},
	language = {lat ger},
	publisher = {Buchner [u.a.]},
	editor = {Bayer, Karl and Lindauer, Josef},
	year = {2005}
}

@book{lange-kowal_langenscheidts_1981,
	address = {Berlin},
	edition = {7. Neubearb., 64. Aufl},
	series = {Langenscheidts {Taschenwörterbücher}},
	title = {Langenscheidts {Taschenwörterbuch} der französischen und deutschen {Sprache} =: {Langenscheidt} dictionnaire de poche des langues française et allemande},
	isbn = {978-3-468-11150-1 978-3-468-10150-2},
	shorttitle = {Langenscheidts {Taschenwörterbuch} der französischen und deutschen {Sprache} =},
	publisher = {Langenscheidt},
	author = {Lange-Kowal, Ernst Erwin and Wilhelm, Kurt},
	year = {1981}
}

@book{willers_langenscheidts_1998,
	address = {Berlin},
	edition = {22. Aufl},
	title = {Langenscheidts {Verb}-{Tabellen} {Französisch}: [unregelmäßige und regelmäßige {Verben} richtig konjugiert]},
	isbn = {978-3-468-34151-9},
	shorttitle = {Langenscheidts {Verb}-{Tabellen} {Französisch}},
	language = {fre},
	publisher = {Langenscheidt},
	author = {Willers, Hermann},
	year = {1998},
	keywords = {Tabelle, Verb}
}

@book{heuer_richtiges_2001,
	address = {Zürich},
	edition = {25. Aufl},
	title = {Richtiges {Deutsch}: die {Sprachschule} für alle ; [vollständige {Grammatik} und {Rechtschreiblehre} unter {Berücksichtigung} der aktuellen {Rechtschreibreform}]},
	isbn = {978-3-85823-880-1},
	shorttitle = {Richtiges {Deutsch}},
	language = {ger},
	publisher = {NZZ-Verl},
	author = {Heuer, Walter and Flückiger, Max and Gallmann, Peter},
	year = {2001},
	keywords = {Deutsch, Einführung, Grammatik}
}

@book{stowasser_kleine_1991,
	address = {Wien},
	edition = {3., unveränd. Aufl},
	title = {Der kleine {Stowasser}: lateinisch-deutsches {Schulwörterbuch}},
	isbn = {978-3-209-00225-9},
	shorttitle = {Der kleine {Stowasser}},
	publisher = {Hölder-Pichler-Tempsky},
	author = {Stowasser, Joseph M. and Petschenig, Michael and Skutsch, Franz and Pichl, Robert},
	year = {1991}
}

@book{brooks_was_2015,
	address = {München},
	edition = {Dt. Erstausg},
	series = {Travis {Delaney}},
	title = {Was geschah um 16:08? {Roman}},
	isbn = {978-3-423-76111-6},
	shorttitle = {Was geschah um 16},
	language = {ger},
	number = {Kevin Brooks. Aus dem Engl. von Uwe-Michael Gutzschhahn ; [1]},
	publisher = {Dt. Taschenbuch-Verl},
	author = {Brooks, Kevin and Gutzschhahn, Uwe-Michael and Brooks, Kevin},
	year = {2015}
}

@book{__????
}

@book{plenzdorf_neuen_1973,
	address = {Frankfurt am Main},
	edition = {11.-15. Tsd.},
	title = {Die neuen {Leiden} des jungen {W}.},
	isbn = {3-518-03860-5},
	language = {ger},
	publisher = {Suhrkamp Verl},
	author = {Plenzdorf, Ulrich},
	year = {1973}
}

@book{gregorovius_lucrezia_????,
	address = {Köln},
	title = {Lucrezia {Borgia}},
	language = {und},
	publisher = {sn},
	author = {Gregorovius, Ferdinand}
}

@book{alfred_krummenacher_jean-paul_thommen._einfuhrung_2012,
	address = {Zürich},
	edition = {4., vollständig überarbeitete und erweiterte Auflage.},
	title = {Einführung in die {Betriebswirtschaft} : {Mit} {Bankbetriebs}- und {Versicherungslehre}.},
	isbn = {9783039091669},
	language = {ger},
	publisher = {Versus},
	author = {{Alfred Krummenacher, Jean-Paul Thommen.}},
	year = {2012}
}

@article{john_w._winkelman_serotonergic_2004,
	title = {Serotonergic {Antidepressants} are {Associated} with {REM} {Sleep} {Without} {Atonia}},
	volume = {27},
	url = {http://www.journalsleep.org/ViewAbstract.aspx?pid=25959},
	abstract = {Study Objectives:
Rapid eye movement (REM) sleep behavior disorder (RBD) is generally observed in older men and in individuals with specific neurologic diseases. There are case reports of RBD in individuals taking serotonergic antidepressants. Our objective was to assess electromyogram (EMG) activity during REM sleep in individuals taking serotonergic antidepressants and in a matched control group not on such medication.
Design:
Chart review of clinical and polysomnographic data.
Setting:
Sleep laboratory affiliated with a general hospital.
Participants:
15 subjects taking a serotonergic antidepressant and 15 age-matched individuals not on such medication. Measurements: Submental and anterior tibialis tonic and phasic EMG activity during REM sleep, REM latency, time in REM, apnea-hypopnea index, periodic leg movements of sleep index, and sleep-architecture measures.
Results:
Tonic, but not phasic, submental EMG activity during REM sleep was significantly more common in the antidepressant-treated group than in the control group (P {\textless} .02). Tonic REM submental EMG activity correlated with REM latency (r =.42, P = .02) and inversely with REM time (r = -.36, P = .05). Subject age correlated with tonic REM submental EMG activity (r = .58, P = .02) in the antidepressant group There were also trends for more phasic activity in the anterior tibialis (P = .09) and submental (P = .07) EMG in REM sleep in the antidepressant group than in the control group.
Conclusions:
Subjects taking serotonergic antidepressants had more EMG activity in the submental lead during REM sleep than did controls. This correlated with measures of REM suppression and age. Individuals taking such medications may be at increased risk of developing REM sleep behavior disorder, particularly with increasing age.},
	language = {Englisch},
	number = {02},
	journal = {Sleep},
	author = {{John W. Winkelman} and {Lynette James}},
	year = {2004},
	pages = {317 -- 321}
}

@article{schenck_prominent_1992,
	title = {Prominent eye movements during {NREM} sleep and {REM} sleep behavior disorder associated with fluoxetine treatment of depression and obsessive-compulsive disorder},
	volume = {15},
	issn = {0161-8105},
	abstract = {The clinical polysomnographic (PSG) reports of 2,650 consecutive adults studied during 41 months were reviewed retrospectively to identify all patients treated with fluoxetine or tricyclic antidepressants. The PSG reports of four other adult groups were also reviewed: periodic limb movement (PLM) disorder (n = 28); sleep terror/sleepwalking (ST/SW) (n = 54); rapid eye movement (REM) sleep behavior disorder (RBD) (n = 70); patients with clinically unremarkable sleep during two consecutive PSG studies (n = 30). Standard PSG recording and scoring methods were employed. A total of 1.5\% (n = 41) and 2.0\% (n = 52) of patients were receiving fluoxetine or tricyclics (amitriptyline or nortriptyline, n = 31; imipramine or desipramine, n = 16; protriptyline or trimipramine, n = 5). A selective association between fluoxetine and extensive, prominent eye movements in nonrapid eye movement (NREM) sleep was detected, utilizing Fisher's exact one-tailed statistic (p less than 0.00001 for each comparison). The detection rates were fluoxetine, 48.8\% (20/41); tricyclics, 5.8\% (3/52); RBD, 4.3\% (3/70); objectively normal sleepers, 3.3\% (1/30); PLM, ST/SW, 0\% (0/82). These groups had similar mean ages (31.5-45.4 years) and gender distributions (50.0-60.7\% male), apart from RBD. The effect of fluoxetine, a potent and specific serotonin reuptake inhibitor, on NREM eye movements is postulated to derive from potentiation of serotonergic neurons that inhibit brainstem "omnipause neurons", which, in turn, inhibit saccadic eye movements, thus resulting in disinhibited release of saccades. In addition, a 31-year-old man with obsessive-compulsive disorder developed RBD soon after starting fluoxetine therapy, which persisted at PSG study 19 months after fluoxetine discontinuation.},
	language = {eng},
	number = {3},
	journal = {Sleep},
	author = {Schenck, C. H. and Mahowald, M. W. and Kim, S. W. and O'Connor, K. A. and Hurwitz, T. D.},
	month = jun,
	year = {1992},
	pmid = {1621023},
	keywords = {Adult, Antidepressive Agents, Tricyclic, Arousal, Brain, Depressive Disorder, Dreams, Electroencephalography, Electrooculography, Eye Movements, Female, Fluoxetine, Humans, Male, Middle Aged, Motor Activity, Obsessive-Compulsive Disorder, Sleep Disorders, Sleep Stages, Sleep, REM},
	pages = {226--235}
}

@article{mark_w._mahowald_parasomnias_2004,
	title = {Parasomnias},
	volume = {24},
	abstract = {Parasomnias are defined as unpleasant or undesirable behavioral or experiential
phenomena that occur predominately or exclusively during the sleep period. Initially
thought to represent a unitary phenomenon, often attributed to psychiatric disease, it is
now clear that parasomnias are not a unitary phenomenon but rather are the manifestation
of a wide variety of completely different conditions, most of which are diagnosable and
treatable. The parasomnias may be conveniently categorized as “primary sleep para­
somnias” (disorders of the sleep states per se) and “secondary sleep parasomnias” (disorders
of other organ systems, which manifest themselves during sleep). The primary sleep
parasomnias can be classified according to the sleep state of origin: rapid eye movement
(REM) sleep, non-REM (NREM) sleep, or miscellaneous (i.e., those not respecting sleep
state). The secondary sleep parasomnias can be further classified by the organ system
involved. The underlying pathophysiology of many parasomnias is state dissociation— the
brain is partially awake and partially asleep. The result of this mixed state of being is that
the brain is awake enough to perform very complex and often protracted motor and/or
verbal behaviors but asleep enough not to have conscious awareness of, or responsibility for,
these behaviors.},
	language = {Englisch},
	number = {3},
	journal = {Seminars in Neurology},
	author = {{Mark W. Mahowald} and {Michel C. Bornemann} and {Carlos H. Schenck}},
	year = {2004},
	pages = {283 -- 292}
}

@misc{geert_mayer_rbd;_2015,
	address = {Marburg},
	type = {Foliensatz},
	title = {{RBD}; {Diagnostik}, {Polysomnographie} und {Therapie}},
	language = {Deutsch},
	author = {{Geert Mayer}},
	year = {2015}
}

@article{geert_mayer_parasomnien_2004,
	title = {Parasomnien im {Erwachsenenalter}},
	volume = {101},
	number = {34-35},
	journal = {Deutsches Ärzteblatt},
	author = {{Geert Mayer} and {Sylvia Kotterba}},
	month = aug,
	year = {2004}
}

@article{ramin_khatami_schlafassoziierte_2007,
	title = {Schlafassoziierte motorische {Störungen}},
	number = {4},
	journal = {Neurologie},
	author = {{Ramin Khatami}},
	year = {2007},
	pages = {27 -- 35}
}

@article{ramin_khatami_differenzialdiagnose_2004,
	title = {Differenzialdiagnose aus der {Sicht} des {Somnologen} - {Kirterien} für {Parasomnien}},
	language = {Deutsch},
	journal = {Epileptologie},
	author = {{Ramin Khatami} and {Claduio L. Bassetti}},
	year = {2004},
	pages = {101 -- 108}
}

@article{hoque_pharmacologically_2010,
	title = {Pharmacologically {Induced}/{Exacerbated} {Restless} {Legs} {Syndrome}, {Periodic} {Limb} {Movements} of {Sleep}, and {REM} {Behavior} {Disorder}/{REM} {Sleep} {Without} {Atonia}: {Literature} {Review}, {Qualitative} {Scoring}, and {Comparative} {Analysis}},
	volume = {6},
	issn = {1550-9389},
	shorttitle = {Pharmacologically {Induced}/{Exacerbated} {Restless} {Legs} {Syndrome}, {Periodic} {Limb} {Movements} of {Sleep}, and {REM} {Behavior} {Disorder}/{REM} {Sleep} {Without} {Atonia}},
	url = {http://www.ncbi.nlm.nih.gov/pmc/articles/PMC2823282/},
	abstract = {Background:
Pharmacologically induced/exacerbated restless legs syndrome (RLS), periodic limb movements in sleep (PLMS), and REM behavior disorder/REM sleep without atonia (RSWA) are increasingly recognized in clinical sleep medicine. A scoring system to evaluate the literature was created and implemented. The aim was to identify the evidence with the least amount of confound, allowing for more reliable determinations of iatrogenic etiology.

Methods:
Points were provided for the following criteria: manuscript type (abstract, peer-reviewed paper); population size studied (large retrospective study, small case series, case report); explicitly stated dosage timing; identification of peak symptoms related to time of medication administration (i.e., medication was ingested in the evening or at bedtime); initiation of a treatment plan; symptoms subsided or ceased with decreased dosage or drug discontinuation (for RLS articles only); negative personal history for RLS prior to use of the medication; exclusion of tobacco/alcohol/excessive caffeine use; exclusion of sleep disordered breathing by polysomnography (PSG); and PSG documentation of presence or absence of PLMS. For RLS and PLMS articles were also given points for the following criteria: each 2003 National Institutes of Health (NIH) RLS criteria met; exclusion of low serum ferritin; and exclusion of peripheral neuropathy by neurological examination.

Results:
Thirty-two articles on drug-induced RLS, 6 articles on drug-induced PLMS, and 15 articles on drug-induced RBD/RSWA were analyzed.

Conclusion:
Based on scores ≥ 10 and trials of medication reduction/cessation, the strongest evidence available for drug induced RLS are for the following drugs: escitalopram; fluoxetine; L-dopa/carbidopa and pergolide; L-thyroxine; mianserin; mirtazapine; olanzapine; and tramadol. Since none of the PLMS articles assessed PLMI in trials of medication reduction/cessation, the strongest evidence based on scores ≥ 10 are for the following drugs: bupropion, citalopram, fluoxetine, paroxetine, sertraline, and venlafaxine. Based on scores ≥ 10 and/or trials of medication cessation, the strongest evidence for drug induced RBD/RSWA is for the following drugs: clomipramine, selegiline, and phenelzine.

Citation:
Hoque R; Chesson Jr AL. Pharmacologically induced/exacerbated restless legs syndrome, periodic limb movements of sleep, and rem behavior disorder/rem sleep without atonia: literature review, qualitative scoring, and comparative analysis. J Clin Sleep Med 2010;6(1):79-83.},
	number = {1},
	urldate = {2015-05-05TZ},
	journal = {Journal of Clinical Sleep Medicine : JCSM : Official Publication of the American Academy of Sleep Medicine},
	author = {Hoque, Romy and Chesson, Andrew L.},
	month = feb,
	year = {2010},
	pmid = {20191944},
	pmcid = {PMC2823282},
	pages = {79--83}
}

@book{heinrich_honsell_schweizerisches_2013,
	address = {Zürich},
	edition = {5., neu bearb. und erg. Aufl.},
	title = {Schweizerisches {Haftpflichtrecht}},
	isbn = {9783725568727},
	language = {ger},
	publisher = {Schulthess},
	author = {{Heinrich Honsell} and {Bernhard Isenring} and {Martin A. Kessler}},
	year = {2013},
	note = {biblatexcitekey[honsell\_haftpflichtrecht]},
	keywords = {CONFOEDERATIO HELVETICA (SCHWEIZ), CONFOEDERATIO HELVETICA (SUISSE), CONFOEDERATIO HELVETICA (SWITZERLAND), CONFÉDÉRATION SUISSE (EUROPE CENTRALE), Confederazione Federale, Confederazione Helvetica, Confederazione Svizzera, Confederaziun Svizra, Confoederatio Helvetica, Confédération Helvétique, Confédération Suisse, DROIT DE LA RESPONSABILITÉ CIVILE (DROIT DES OBLIGATIONS) 347.51, Delikt Bürgerliches Recht, Deliktsobligation, Deliktsrecht, EIDGENOSSENSCHAFT, SCHWEIZERISCHE EIDGENOSSENSCHAFT (MITTELEUROPA), Eidgenossenschaft Schweiz, HAFTPFLICHTRECHT (SCHULDRECHT) 347.51, Haftpflicht, Haftpflichtrecht, Helvetia, Helvetien, Helvetische Republik, LAW/LIABILITY LAW (LAW OF OBLIGATIONS), LIABILITY LAW (LAW OF OBLIGATIONS) 347.51, Lehrbuch, RECHT/HAFTPFLICHTRECHT (SCHULDRECHT), RESPONSABILITÉ CIVILE/DROIT DE LA RESPONSABILITÉ CIVILE (DROIT DES OBLIGATIONS), République Helvetique, SCHWEIZ (MITTELEUROPA). SCHWEIZERISCHE EIDGENOSSENSCHAFT (494), SCHWEIZERISCHE EIDGENOSSENSCHAFT (MITTELEUROPA), SUISSE (EUROPE CENTRALE). CONFÉDÉRATION SUISSE (494), SWISS CONFEDERATION (CENTRAL EUROPE), SWITZERLAND (CENTRAL EUROPE). SWISS CONFEDERATION (494), Schweiz, Schweiz Eidgenossenschaft, Schweizerische Eidgenossenschaft, Suisse, Svizzera, Svizzra, Swiss Confederation, Switzerland, Unerlaubte Handlung}
}

@book{honsell_romisches_1987,
	address = {Berlin; Heidelberg; New York},
	edition = {Auflage: 4., völlig neu bearb. Aufl. 1987},
	title = {Römisches {Recht}},
	isbn = {9783540168669},
	abstract = {Hier steht viel über das römische Recht},
	language = {Deutsch},
	publisher = {Springer},
	author = {Honsell, Heinrich and Mayer-Maly, Theo and Selb, Walter and Jörs, Paul and Kunkel, Wolfgang and Wenger, Leopold},
	month = apr,
	year = {1987}
}

@article{kohli_wie_2015,
	chapter = {Bildrätsel},
	title = {Wie ein bunter {Hund}: {Kennen} {Sie} {Zürich}?},
	issn = {0376-6829},
	shorttitle = {Wie ein bunter {Hund}},
	url = {http://www.nzz.ch/zuerich/archivbilder/wie-ein-bunter-hund-1.18466606},
	abstract = {Wir haben im Bildarchiv der «Neuen Zürcher Zeitung» und anderen Archiven gewühlt und sind auf ein Sammelsurium von Kuriositäten, ungewohnten Ansichten und manchen – für heutige Verhältnisse – absurd anmutenden Aufnahmen gestossen. Testen Sie Ihr Wissen über Alt-Zürich, und rätseln Sie mit.},
	language = {de},
	urldate = {2015-01-26TZ},
	journal = {Neue Zürcher Zeitung},
	author = {Kohli, Alice},
	month = jan,
	year = {2015}
}

@misc{_new:_????,
	title = {New: {Collaborate} {Online} and {Offline} with {Overleaf} and {Git} (beta) - {Overleaf} {Blog}},
	shorttitle = {New},
	url = {https://www.overleaf.com/blog/195-new-collaborate-online-and-offline-with-overleaf-and-git-beta},
	abstract = {One of your most requested features - a link between Overleaf and Git - is now available in beta release},
	urldate = {2015-01-26TZ}
}

@misc{schaerer_frau_2014,
	title = {«{Die} {Frau} des {Bäckers}» von {Marcel} {Pagnol}},
	url = {http://www.srf.ch/sendungen/hoerspiel/die-frau-des-baeckers-von-marcel-pagnol-2},
	abstract = {Schmerzlich. Romantisch. Anrührend. Eine Liebesgeschichte aus den Bergen der Provence.},
	language = {de-CH},
	urldate = {2014-12-26TZ},
	publisher = {Schweizer Radio und Fernsehen SRF},
	author = {Schaerer, Isabel},
	month = dec,
	year = {2014}
}

@book{rudolf_von_jhering_zweck_1877,
	title = {Der {Zweck} im {Recht}},
	url = {http://archive.org/details/derzweckimrecht04jhergoog},
	abstract = {Book digitized by Google from the library of Oxford University and uploaded to the Internet Archive by user tpb.},
	language = {German},
	urldate = {2014-11-30TZ},
	publisher = {Breitkopf \& Härtel},
	author = {{Rudolf von Jhering}},
	year = {1877}
}

@article{pfister_auf_2015,
	title = {Auf der {Hochpreisinsel} tobt ein {Verteilkampf}: {Franken}-{Schock}},
	issn = {1660-0851},
	shorttitle = {Auf der {Hochpreisinsel} tobt ein {Verteilkampf}},
	url = {http://www.nzz.ch/nzzas/nzz-am-sonntag/auf-der-hochpreisinsel-tobt-ein-verteilkampf-1.18468328},
	abstract = {Auf der Hochpreisinsel Schweiz geraten die Preise ins Rutschen. Detailhändler und Markenhersteller streiten darüber, wie stark die Preise jetzt sinken müssen – und wer dafür aufkommt.},
	language = {de},
	urldate = {2015-01-25TZ},
	journal = {NZZ am Sonntag},
	author = {Pfister, Franziska},
	month = jan,
	year = {2015}
}

@book{ulrich_hafelin_schweizerisches_2002,
	address = {Zürich},
	edition = {8. Auflage},
	title = {Schweizerisches {Bundesstaatsrecht}},
	isbn = {978-3-7255-6597-9},
	publisher = {Schulthess},
	author = {{Ulrich Häfelin} and {Walter Haller} and {Helen Keller}},
	year = {2002}
}

@article{kapp_trendwende_2015,
	chapter = {International},
	title = {Trendwende im {Kampf} gegen {Ebola}: {WHO}},
	issn = {0376-6829},
	shorttitle = {Trendwende im {Kampf} gegen {Ebola}},
	url = {http://www.nzz.ch/international/trendwende-im-kampf-gegen-ebola-1.18468473},
	abstract = {Der Kampf gegen die Ebola-Epidemie beginnt Wirkung zu zeigen. Die Zahl der Neu-Infizierungen geht stark zurück. Für eine Entwarnung ist es aber noch viel zu früh.},
	language = {de},
	urldate = {2015-01-25TZ},
	journal = {Neue Zürcher Zeitung},
	author = {Kapp, Jean-Pierre},
	month = jan,
	year = {2015}
}

@article{mead_eurozone_2014,
	chapter = {Business},
	title = {Eurozone crisis timeline: crisis, recession and growth},
	issn = {0261-3077},
	shorttitle = {Eurozone crisis timeline},
	url = {http://www.theguardian.com/business/interactive/2012/oct/17/eurozone-crisis-interactive-timeline-three-years},
	abstract = {The crisis started back in October 2009, when Greece's finance minister revealed a black hole in his country's budget},
	language = {en-GB},
	urldate = {2015-01-07TZ},
	journal = {The Guardian},
	author = {Mead, Nick and Blight, Garry},
	month = oct,
	year = {2014},
	keywords = {Business, Euro, Europe, Eurozone crisis, Greece, World news}
}

@misc{centeral_intelligence_agency_russia_2014,
	type = {Regierungswebseite},
	title = {Russia},
	url = {https://www.cia.gov/library/publications/the-world-factbook/geos/rs.html},
	journal = {The World Factbook},
	author = {{Centeral Intelligence Agency}},
	year = {2014}
}

@article{benjamin_triebe_russland_2014,
	title = {Russland im {Würgegriff} der {Rubel}-{Krise}},
	url = {http://epaper.nzz.ch/nzz.asp?ticket=ST-6512005-4jfyQ9BfcLvSYZcqylp3-nzzosc},
	journal = {NZZ},
	author = {{Benjamin Triebe}},
	year = {2014},
	pages = {23}
}

@misc{_russia_2014,
	title = {Russia},
	copyright = {Creative Commons Attribution-ShareAlike License},
	url = {http://en.wikipedia.org/w/index.php?title=Russia&oldid=638502924},
	abstract = {Coordinates: 60°N 90°E / 60°N 90°E / 60; 90},
	language = {en},
	urldate = {2014-12-17TZ},
	journal = {Wikipedia, the free encyclopedia},
	month = dec,
	year = {2014},
	note = {Page Version ID: 638502924}
}

@misc{florian_smartphone_????,
	title = {Das {Smartphone} mit {Tasker} automatisieren},
	url = {http://tuxanddroid.de/android/das-smartphone-mit-tasker-automatisieren},
	abstract = {Die meisten Nutzer, die im Web nach Android Apps gesucht haben, dürften zwangsläufig auch auf Tasker gestoßen sein. Tasker ist eine sehr mächtige App, die es euch erlaubt euer Smartphone zu automatisieren. Das bedeutet, dass Tasker unter bestimmten Bedingungen bestimmte Aktionen starten kann. Alles voll automatisch und ohne Interaktion des Benutzers. Tasker ist sehr mächtig und teilweise auch unübersichtlich. Aus diesem Grund möchte ich zu Tasker eine neue Artikelserie starten, in der es immer tolle Tipps rund um diese wunderbare App gibt. In diesem Beitrag geht es mit einer kleinen Einführung los.},
	urldate = {2014-12-17TZ},
	journal = {TuxAndDroid},
	author = {{Florian}}
}

@article{risen_c.i.._2014,
	title = {C.{I}.{A}., on {Path} to {Torture}, {Chose} {Haste} {Over} {Analysis}},
	issn = {0362-4331},
	url = {http://www.nytimes.com/2014/12/16/us/politics/cia-on-path-to-torture-chose-haste-over-analysis-.html},
	abstract = {James Mitchell, a former Air Force explosives expert and trainer, and a partner designed, led and directed the interrogations and became the prime advocates for what is now widely considered to have been torture.},
	urldate = {2014-12-16TZ},
	journal = {The New York Times},
	author = {Risen, James and Apuzzo, Matt},
	month = dec,
	year = {2014},
	keywords = {Mitchell, James E, Torture, United States, United States Politics and Government, Zubaydah, Abu}
}

@book{ingeborg_schwenzer_schweizerisches_2003,
	address = {Bern},
	edition = {3.},
	title = {Schweizerisches {Obligationenrecht}: {Allgemeiner} {Teil}},
	isbn = {3727209496},
	shorttitle = {{OR} {AT}},
	language = {de},
	publisher = {Stämpfli Verlag AG},
	author = {{Ingeborg Schwenzer}},
	year = {2003}
}

@book{shaara_killer_2013,
	title = {The {Killer} {Angels}: {A} {Novel}},
	shorttitle = {The {Killer} {Angels}},
	language = {Englisch},
	publisher = {Polygon},
	author = {Shaara, Michael},
	month = jun,
	year = {2013}
}

@article{rist_delikate_2014,
	chapter = {International},
	title = {Delikate {Liaisons} in {Bangkok}: {Kritik} an überholten {Glaubensgrundsätzen}},
	issn = {0376-6829},
	shorttitle = {Delikate {Liaisons} in {Bangkok}},
	url = {http://www.nzz.ch/international/delikate-liaisons-in-bangkok-1.18435269},
	abstract = {In Thailand sind hohe Polizeioffiziere wegen Korruption und Majestätsbeleidigung inhaftiert worden. Der Fall schlägt Wellen bis in den Palast und deutet das Ende einer königlichen Ehe an.},
	language = {de},
	urldate = {2014-11-30TZ},
	journal = {Neue Zürcher Zeitung},
	author = {Rist, Manfred},
	month = nov,
	year = {2014}
}

@misc{center_for_history_and_new_media_schnelleinstieg_????,
	title = {Schnelleinstieg},
	url = {http://zotero.org/support/quick_start_guide},
	author = {{Center for History and New Media}}
}